"ID","Symbol","Trade_date","Exchange","Segment","Trade_type","Quantity","Price","Trade_id","Order_Execution_time"
1,ADANIENT,"2021-06-04",NSE,EQ,buy,5,1708,5650423,"2021-06-04 15:22:27.000"
1,ADANIENT,"2021-06-08",NSE,EQ,sell,35,1659,4081807,"2021-06-08 12:35:59.000"
1,ADANIENT,"2021-06-08",NSE,EQ,buy,4,1660,4047781,"2021-06-08 12:33:13.000"
1,ADANIENT,"2021-06-08",NSE,EQ,buy,6,1660,4047782,"2021-06-08 12:33:13.000"
1,ADANIENT,"2021-06-08",NSE,EQ,buy,25,1666,3998139,"2021-06-08 12:29:39.000"
1,ADANIENT,"2021-06-08",NSE,EQ,buy,10,1612,3040130,"2021-06-08 11:21:45.000"
1,ADANIENT,"2021-06-08",NSE,EQ,sell,10,1607,2636087,"2021-06-08 10:53:12.000"
1,ADANIENT,"2021-06-07",NSE,EQ,sell,20,1625,6071975,"2021-06-07 14:57:43.000"
1,ADANIENT,"2021-06-07",NSE,EQ,buy,20,1629,5937759,"2021-06-07 14:48:53.000"
1,ADANIENT,"2021-06-07",NSE,EQ,buy,10,1659,3431237,"2021-06-07 11:40:30.000"
1,ADANIENT,"2021-06-07",NSE,EQ,sell,10,1652,3168012,"2021-06-07 11:21:39.000"
1,ADANIENT,"2021-06-07",BSE,EQ,sell,20,1705,399200,"2021-06-07 09:16:32.000"
1,ADANIENT,"2021-06-08",NSE,EQ,buy,10,1653,4236043,"2021-06-08 12:47:17.000"
1,ADANIENT,"2021-06-04",NSE,EQ,buy,5,1711,5612339,"2021-06-04 15:21:23.000"
1,ADANIENT,"2021-06-04",NSE,EQ,buy,10,1702,5512199,"2021-06-04 15:17:30.000"
1,ADANIENT,"2021-06-04",NSE,EQ,sell,50,1707,5105046,"2021-06-04 14:56:31.000"
1,ADANIENT,"2021-06-04",NSE,EQ,buy,1,1707,5023990,"2021-06-04 14:51:00.000"
1,ADANIENT,"2021-06-04",NSE,EQ,buy,5,1707,5023989,"2021-06-04 14:51:00.000"
1,ADANIENT,"2021-06-04",NSE,EQ,buy,44,1707,5023988,"2021-06-04 14:51:00.000"
1,ADANIENT,"2021-06-04",NSE,EQ,sell,13,1699,4979039,"2021-06-04 14:48:36.000"
1,ADANIENT,"2021-06-04",NSE,EQ,sell,5,1699,4979038,"2021-06-04 14:48:36.000"
1,ADANIENT,"2021-06-04",NSE,EQ,sell,30,1699,4979037,"2021-06-04 14:48:36.000"
1,ADANIENT,"2021-06-04",NSE,EQ,sell,10,1699,4979036,"2021-06-04 14:48:36.000"
1,ADANIENT,"2021-06-04",NSE,EQ,sell,5,1699,4979035,"2021-06-04 14:48:36.000"
1,ADANIENT,"2021-06-08",NSE,EQ,sell,1,1631,5345797,"2021-06-08 14:16:38.000"
1,ADANIENT,"2021-11-23",NSE,EQ,buy,3,1703,2836287,"2021-11-23 12:38:06.000"
1,ADANIENT,"2021-11-23",NSE,EQ,sell,3,1700,2684011,"2021-11-23 12:21:37.000"
1,ADANIENT,"2021-11-12",NSE,EQ,sell,10,1705,1856445,"2021-11-12 11:57:41.000"
1,ADANIENT,"2021-11-12",NSE,EQ,buy,10,1713,1804387,"2021-11-12 11:51:15.000"
1,ADANIENT,"2021-06-09",NSE,EQ,buy,2,1626,2503863,"2021-06-09 10:51:54.000"
1,ADANIENT,"2021-06-09",NSE,EQ,buy,5,1626,2503864,"2021-06-09 10:51:54.000"
1,ADANIENT,"2021-06-09",NSE,EQ,buy,3,1627,2503865,"2021-06-09 10:51:54.000"
1,ADANIENT,"2021-06-09",NSE,EQ,sell,10,1623,2499328,"2021-06-09 10:51:33.000"
1,ADANIENT,"2021-06-08",NSE,EQ,buy,41,1633,5373037,"2021-06-08 14:18:16.000"
1,ADANIENT,"2021-06-08",NSE,EQ,buy,1,1633,5373038,"2021-06-08 14:18:16.000"
1,ADANIENT,"2021-06-08",NSE,EQ,buy,9,1633,5373039,"2021-06-08 14:18:16.000"
1,ADANIENT,"2021-05-04",NSE,EQ,buy,3,1288,766985,"2021-05-04 09:35:22.000"
1,ADANIENT,"2021-06-08",NSE,EQ,sell,24,1631,5345798,"2021-06-08 14:16:38.000"
1,ADANIENT,"2021-06-08",NSE,EQ,sell,25,1636,5015245,"2021-06-08 13:52:15.000"
1,ADANIENT,"2021-06-08",NSE,EQ,sell,1,1644,4868104,"2021-06-08 13:39:16.000"
1,ADANIENT,"2021-06-08",NSE,EQ,sell,30,1647,4814266,"2021-06-08 13:34:44.000"
1,ADANIENT,"2021-06-08",NSE,EQ,buy,20,1649,4726751,"2021-06-08 13:28:29.000"
1,ADANIENT,"2021-06-08",NSE,EQ,buy,10,1645,4699934,"2021-06-08 13:26:16.000"
1,ADANIENT,"2021-06-08",NSE,EQ,buy,10,1640,4661609,"2021-06-08 13:22:51.000"
1,ADANIENT,"2021-06-08",NSE,EQ,sell,7,1637,4654421,"2021-06-08 13:22:13.000"
1,ADANIENT,"2021-06-08",NSE,EQ,sell,1,1637,4654422,"2021-06-08 13:22:13.000"
1,ADANIENT,"2021-06-08",NSE,EQ,sell,2,1637,4654423,"2021-06-08 13:22:13.000"
1,ADANIENT,"2021-06-08",NSE,EQ,sell,10,1646,4319508,"2021-06-08 12:53:54.000"
1,ADANIENT,"2021-06-04",NSE,EQ,sell,25,1610,2515332,"2021-06-04 11:47:34.000"
1,ADANIENT,"2021-06-04",NSE,EQ,buy,25,1664,3530014,"2021-06-04 13:00:17.000"
1,ADANIENT,"2021-06-04",NSE,EQ,buy,10,1652,3498948,"2021-06-04 12:58:41.000"
1,ADANIENT,"2021-06-04",NSE,EQ,buy,15,1646,3472909,"2021-06-04 12:57:03.000"
1,ADANIENT,"2021-06-04",NSE,EQ,buy,10,1642,3422740,"2021-06-04 12:53:17.000"
1,ADANIENT,"2021-06-04",NSE,EQ,sell,25,1636,3299769,"2021-06-04 12:44:57.000"
1,ADANIENT,"2021-06-04",NSE,EQ,sell,25,1637,3210104,"2021-06-04 12:38:53.000"
1,ADANIENT,"2021-06-04",NSE,EQ,buy,10,1635,3152868,"2021-06-04 12:34:36.000"
1,ADANIENT,"2021-06-04",NSE,EQ,buy,40,1635,3152867,"2021-06-04 12:34:36.000"
1,ADANIENT,"2021-06-04",NSE,EQ,sell,100,1632,3139180,"2021-06-04 12:33:40.000"
1,ADANIENT,"2021-06-04",NSE,EQ,buy,100,1624,3055149,"2021-06-04 12:27:48.000"
1,ADANIENT,"2021-06-04",NSE,EQ,buy,25,1618,3044808,"2021-06-04 12:27:17.000"
1,ADANIENT,"2021-06-04",NSE,EQ,sell,5,1699,4979033,"2021-06-04 14:48:36.000"
1,ADANIENT,"2021-06-04",NSE,EQ,buy,11,1601,1615266,"2021-06-04 10:35:06.000"
1,ADANIENT,"2021-06-04",NSE,EQ,buy,10,1601,1615265,"2021-06-04 10:35:06.000"
1,ADANIENT,"2021-06-04",NSE,EQ,buy,4,1601,1615264,"2021-06-04 10:35:06.000"
1,ADANIENT,"2021-06-04",NSE,EQ,sell,25,1597,1568494,"2021-06-04 10:31:46.000"
1,ADANIENT,"2021-06-04",NSE,EQ,sell,25,1607,1334199,"2021-06-04 10:15:02.000"
1,ADANIENT,"2021-06-04",NSE,EQ,buy,20,1612,957290,"2021-06-04 09:50:43.000"
1,ADANIENT,"2021-06-04",NSE,EQ,buy,5,1612,957157,"2021-06-04 09:50:42.000"
1,ADANIENT,"2021-06-04",NSE,EQ,buy,10,1610,874043,"2021-06-04 09:45:48.000"
1,ADANIENT,"2021-06-04",NSE,EQ,sell,10,1610,476909,"2021-06-04 09:27:37.000"
1,ADANIENT,"2021-05-04",NSE,EQ,sell,3,1280,1011526,"2021-05-04 09:45:06.000"
1,ADANIENT,"2021-06-04",NSE,EQ,sell,30,1670,3539418,"2021-06-04 13:00:41.000"
1,ADANIENT,"2021-06-04",NSE,EQ,sell,5,1699,4979034,"2021-06-04 14:48:36.000"
1,ADANIENT,"2021-06-04",NSE,EQ,sell,5,1699,4979032,"2021-06-04 14:48:36.000"
1,ADANIENT,"2021-06-04",NSE,EQ,sell,1,1700,4979031,"2021-06-04 14:48:36.000"
1,ADANIENT,"2021-06-04",NSE,EQ,sell,21,1700,4979030,"2021-06-04 14:48:36.000"
1,ADANIENT,"2021-06-04",NSE,EQ,buy,22,1704,4967096,"2021-06-04 14:48:01.000"
1,ADANIENT,"2021-06-04",NSE,EQ,buy,17,1704,4967095,"2021-06-04 14:48:01.000"
1,ADANIENT,"2021-06-04",NSE,EQ,buy,61,1704,4967094,"2021-06-04 14:48:01.000"
1,ADANIENT,"2021-06-04",NSE,EQ,sell,50,1705,4943861,"2021-06-04 14:46:49.000"
1,ADANIENT,"2021-06-04",NSE,EQ,buy,50,1698,4848663,"2021-06-04 14:41:50.000"
1,ADANIENT,"2021-06-04",NSE,EQ,sell,10,1691,4785414,"2021-06-04 14:36:56.000"
1,ADANIENT,"2021-06-04",NSE,EQ,buy,10,1686,4767018,"2021-06-04 14:35:24.000"
1,ADANIENT,"2021-06-04",NSE,EQ,buy,15,1683,4644198,"2021-06-04 14:26:01.000"
1,ADANIENT,"2021-06-04",NSE,EQ,sell,15,1689,4705539,"2021-06-04 14:30:34.000"
1,ADANIENT,"2021-06-04",NSE,EQ,sell,30,1670,3539417,"2021-06-04 13:00:41.000"
1,ADANIENT,"2021-06-04",NSE,EQ,buy,100,1674,3561694,"2021-06-04 13:01:57.000"
1,ADANIENT,"2021-06-04",NSE,EQ,sell,23,1685,3583414,"2021-06-04 13:02:53.000"
1,ADANIENT,"2021-06-04",NSE,EQ,sell,50,1685,3583415,"2021-06-04 13:02:53.000"
1,ADANIENT,"2021-06-04",NSE,EQ,sell,27,1685,3583432,"2021-06-04 13:02:53.000"
1,ADANIENT,"2021-06-04",NSE,EQ,buy,20,1688,3873068,"2021-06-04 13:23:22.000"
1,ADANIENT,"2021-06-04",NSE,EQ,sell,20,1684,3935015,"2021-06-04 13:28:24.000"
1,ADANIENT,"2021-06-04",NSE,EQ,buy,5,1688,4409641,"2021-06-04 14:09:48.000"
1,ADANIENT,"2021-06-04",NSE,EQ,sell,5,1680,4578388,"2021-06-04 14:21:43.000"
2,ADANIENT21JUN1460CE,"2021-06-02",NSE,FO,sell,1000,70,250227138,"2021-06-02 10:04:14.000"
2,ADANIENT21JUN1460CE,"2021-06-02",NSE,FO,buy,1000,62,250032573,"2021-06-02 09:19:21.000"
2,ADANIENT21JUN1460CE,"2021-06-02",NSE,FO,sell,1000,51,250007317,"2021-06-02 09:15:56.000"
2,ADANIENT21JUN1460CE,"2021-06-01",NSE,FO,buy,1000,56,250718779,"2021-06-01 15:15:24.000"
2,ADANIENT21JUN1460CE,"2021-06-01",NSE,FO,sell,1000,57,250710241,"2021-06-01 15:12:30.000"
2,ADANIENT21JUN1460CE,"2021-06-01",NSE,FO,buy,1000,47,250680587,"2021-06-01 15:01:51.000"
3,ADANIENT21JUN1460PE,"2021-06-03",NSE,FO,sell,1000,28,250744871,"2021-06-03 15:11:38.000"
3,ADANIENT21JUN1460PE,"2021-06-03",NSE,FO,buy,1000,28,250723933,"2021-06-03 15:01:01.000"
4,ADANIENT21JUN1500CE,"2021-06-01",NSE,FO,buy,1000,29,250593163,"2021-06-01 14:21:30.000"
4,ADANIENT21JUN1500CE,"2021-06-01",NSE,FO,buy,1000,30,250607939,"2021-06-01 14:29:09.000"
4,ADANIENT21JUN1500CE,"2021-06-01",NSE,FO,sell,1000,32,250657698,"2021-06-01 14:50:21.000"
4,ADANIENT21JUN1500CE,"2021-06-01",NSE,FO,sell,1000,21,250557706,"2021-06-01 14:04:39.000"
4,ADANIENT21JUN1500CE,"2021-06-01",NSE,FO,buy,1000,26,250529275,"2021-06-01 13:53:33.000"
4,ADANIENT21JUN1500CE,"2021-06-01",NSE,FO,sell,1000,24,250494957,"2021-06-01 13:34:59.000"
4,ADANIENT21JUN1500CE,"2021-06-01",NSE,FO,buy,1000,25,250492302,"2021-06-01 13:33:00.000"
4,ADANIENT21JUN1500CE,"2021-06-01",NSE,FO,sell,1000,28,250600164,"2021-06-01 14:25:33.000"
4,ADANIENT21JUN1500CE,"2021-06-02",NSE,FO,buy,1000,67,250261490,"2021-06-02 10:16:41.000"
4,ADANIENT21JUN1500CE,"2021-06-02",NSE,FO,sell,1000,64,250280055,"2021-06-02 10:23:23.000"
4,ADANIENT21JUN1500CE,"2021-06-02",NSE,FO,buy,1000,67,250282582,"2021-06-02 10:24:08.000"
4,ADANIENT21JUN1500CE,"2021-06-02",NSE,FO,sell,1000,59,250303220,"2021-06-02 10:34:53.000"
4,ADANIENT21JUN1500CE,"2021-06-02",NSE,FO,buy,1000,61,250309416,"2021-06-02 10:38:39.000"
4,ADANIENT21JUN1500CE,"2021-06-02",NSE,FO,sell,1000,59,250319986,"2021-06-02 10:46:19.000"
5,ADANIENT21JUN1500PE,"2021-06-03",NSE,FO,sell,1000,40,250705861,"2021-06-03 14:50:35.000"
5,ADANIENT21JUN1500PE,"2021-06-03",NSE,FO,buy,1000,38,250687610,"2021-06-03 14:42:14.000"
6,ADANIENT21JUN1520CE,"2021-06-02",NSE,FO,buy,1000,56,250332521,"2021-06-02 10:55:44.000"
6,ADANIENT21JUN1520CE,"2021-06-02",NSE,FO,sell,1000,60,250341815,"2021-06-02 11:00:41.000"
6,ADANIENT21JUN1520CE,"2021-06-02",NSE,FO,buy,1000,63,250343056,"2021-06-02 11:01:14.000"
6,ADANIENT21JUN1520CE,"2021-06-02",NSE,FO,sell,1000,61,250366371,"2021-06-02 11:15:06.000"
7,ADANIENT21JUN1540CE,"2021-06-02",NSE,FO,buy,1000,64,250433805,"2021-06-02 12:02:47.000"
7,ADANIENT21JUN1540CE,"2021-06-02",NSE,FO,sell,1000,70,250446130,"2021-06-02 12:09:34.000"
7,ADANIENT21JUN1540CE,"2021-06-02",NSE,FO,sell,1000,58,250423693,"2021-06-02 11:55:40.000"
7,ADANIENT21JUN1540CE,"2021-06-02",NSE,FO,buy,1000,56,250397852,"2021-06-02 11:36:32.000"
8,ADANIENT21JUN1600CE,"2021-06-02",NSE,FO,buy,1000,57,250674220,"2021-06-02 14:42:29.000"
8,ADANIENT21JUN1600CE,"2021-06-02",NSE,FO,buy,1000,55,250471197,"2021-06-02 12:23:36.000"
8,ADANIENT21JUN1600CE,"2021-06-02",NSE,FO,sell,1000,50,250477274,"2021-06-02 12:26:50.000"
8,ADANIENT21JUN1600CE,"2021-06-02",NSE,FO,buy,1000,48,250484273,"2021-06-02 12:30:51.000"
8,ADANIENT21JUN1600CE,"2021-06-02",NSE,FO,sell,1000,46,250493749,"2021-06-02 12:39:01.000"
8,ADANIENT21JUN1600CE,"2021-06-02",NSE,FO,buy,1000,50,250500050,"2021-06-02 12:43:43.000"
8,ADANIENT21JUN1600CE,"2021-06-02",NSE,FO,sell,1000,56,250586565,"2021-06-02 13:41:39.000"
8,ADANIENT21JUN1600CE,"2021-06-02",NSE,FO,buy,1000,54,250648809,"2021-06-02 14:24:46.000"
8,ADANIENT21JUN1600CE,"2021-06-02",NSE,FO,sell,1000,55,250667041,"2021-06-02 14:38:15.000"
8,ADANIENT21JUN1600CE,"2021-06-02",NSE,FO,sell,1000,60,250685085,"2021-06-02 14:49:43.000"
8,ADANIENT21JUN1600CE,"2021-06-02",NSE,FO,buy,1000,59,250691159,"2021-06-02 14:52:44.000"
8,ADANIENT21JUN1600CE,"2021-06-02",NSE,FO,sell,1000,58,250695888,"2021-06-02 14:55:52.000"
8,ADANIENT21JUN1600CE,"2021-06-02",NSE,FO,buy,1000,52,250720566,"2021-06-02 15:05:48.000"
8,ADANIENT21JUN1600CE,"2021-06-02",NSE,FO,sell,1000,54,250734355,"2021-06-02 15:11:25.000"
8,ADANIENT21JUN1600CE,"2021-06-02",NSE,FO,buy,1000,55,250736884,"2021-06-02 15:12:29.000"
8,ADANIENT21JUN1600CE,"2021-06-02",NSE,FO,sell,1000,55,250751756,"2021-06-02 15:18:32.000"
9,ADANIENT21JUN1640CE,"2021-06-03",NSE,FO,buy,1000,65,250023700,"2021-06-03 09:18:43.000"
9,ADANIENT21JUN1640CE,"2021-06-03",NSE,FO,sell,1000,68,250041877,"2021-06-03 09:21:30.000"
10,ADANIENT21JUN1660CE,"2021-06-03",NSE,FO,buy,1000,66,250051425,"2021-06-03 09:23:14.000"
10,ADANIENT21JUN1660CE,"2021-06-03",NSE,FO,sell,1000,47,250088026,"2021-06-03 09:31:32.000"
11,ADANIENT21JUN1700CE,"2021-06-03",NSE,FO,buy,1000,41,250113243,"2021-06-03 09:39:28.000"
11,ADANIENT21JUN1700CE,"2021-06-03",NSE,FO,sell,1000,38,250116218,"2021-06-03 09:40:26.000"
12,ADANIENT21JUN1720CE,"2021-06-03",NSE,FO,sell,1000,32,250771491,"2021-06-03 15:22:06.000"
12,ADANIENT21JUN1720CE,"2021-06-03",NSE,FO,sell,1000,40,250568210,"2021-06-03 13:20:16.000"
12,ADANIENT21JUN1720CE,"2021-06-03",NSE,FO,buy,1000,44,250558408,"2021-06-03 13:13:46.000"
12,ADANIENT21JUN1720CE,"2021-06-03",NSE,FO,sell,1000,40,250513540,"2021-06-03 12:45:59.000"
12,ADANIENT21JUN1720CE,"2021-06-03",NSE,FO,buy,1000,43,250274406,"2021-06-03 10:55:17.000"
12,ADANIENT21JUN1720CE,"2021-06-03",NSE,FO,sell,1000,36,250250867,"2021-06-03 10:45:45.000"
12,ADANIENT21JUN1720CE,"2021-06-03",NSE,FO,buy,1000,37,250241299,"2021-06-03 10:42:03.000"
12,ADANIENT21JUN1720CE,"2021-06-03",NSE,FO,buy,1000,33,250769421,"2021-06-03 15:21:32.000"
12,ADANIENT21JUN1720CE,"2021-06-03",NSE,FO,sell,1000,35,250231071,"2021-06-03 10:35:47.000"
12,ADANIENT21JUN1720CE,"2021-06-03",NSE,FO,buy,1000,38,250225086,"2021-06-03 10:32:38.000"
12,ADANIENT21JUN1720CE,"2021-06-03",NSE,FO,sell,1000,37,250223793,"2021-06-03 10:32:00.000"
12,ADANIENT21JUN1720CE,"2021-06-03",NSE,FO,buy,1000,35,250203255,"2021-06-03 10:24:36.000"
13,ADANIENT21NOV1560PE,"2021-11-22",NSE,FO,sell,500,6,201164471,"2021-11-22 14:42:57.000"
13,ADANIENT21NOV1560PE,"2021-11-22",NSE,FO,buy,500,8,201141098,"2021-11-22 14:34:53.000"
14,ADANIENT21NOV1600PE,"2021-11-22",NSE,FO,buy,500,7,200326992,"2021-11-22 10:00:56.000"
14,ADANIENT21NOV1600PE,"2021-11-22",NSE,FO,sell,500,8,200345506,"2021-11-22 10:04:34.000"
15,ADANIPORTS,"2021-04-06",NSE,EQ,sell,2,842,5033415,"2021-04-06 15:18:05.000"
15,ADANIPORTS,"2021-03-23",NSE,EQ,buy,4,748,869520,"2021-03-23 09:43:33.000"
15,ADANIPORTS,"2021-03-23",NSE,EQ,buy,4,744,801470,"2021-03-23 09:40:57.000"
15,ADANIPORTS,"2021-04-06",NSE,EQ,buy,5,847,5010566,"2021-04-06 15:17:06.000"
15,ADANIPORTS,"2021-03-15",NSE,EQ,buy,10,708,2527364,"2021-03-15 11:54:24.000"
15,ADANIPORTS,"2021-03-15",NSE,EQ,sell,10,707,2476400,"2021-03-15 11:48:45.000"
15,ADANIPORTS,"2021-04-16",NSE,EQ,sell,24,784,1681298,"2021-04-16 10:29:51.000"
15,ADANIPORTS,"2021-04-07",BSE,EQ,sell,10,858,4118500,"2021-04-07 09:33:24.000"
15,ADANIPORTS,"2021-04-07",BSE,EQ,buy,10,838,22733300,"2021-04-07 13:42:55.000"
15,ADANIPORTS,"2021-04-07",BSE,EQ,sell,10,829,23022100,"2021-04-07 13:46:19.000"
15,ADANIPORTS,"2021-06-09",NSE,EQ,sell,17,888,3073077,"2021-06-09 11:34:29.000"
15,ADANIPORTS,"2021-06-07",NSE,EQ,sell,50,880,2852842,"2021-06-07 11:01:36.000"
15,ADANIPORTS,"2021-06-07",NSE,EQ,buy,50,884,2637159,"2021-06-07 10:48:41.000"
15,ADANIPORTS,"2021-04-16",NSE,EQ,buy,100,779,1387286,"2021-04-16 10:14:21.000"
15,ADANIPORTS,"2021-04-16",NSE,EQ,buy,100,780,1421974,"2021-04-16 10:15:52.000"
15,ADANIPORTS,"2021-04-16",NSE,EQ,buy,2,787,1477514,"2021-04-16 10:18:53.000"
15,ADANIPORTS,"2021-04-16",NSE,EQ,buy,48,787,1477515,"2021-04-16 10:18:53.000"
15,ADANIPORTS,"2021-04-16",NSE,EQ,sell,90,787,1659743,"2021-04-16 10:28:35.000"
15,ADANIPORTS,"2021-04-16",NSE,EQ,sell,136,784,1681299,"2021-04-16 10:29:51.000"
15,ADANIPORTS,"2021-04-06",NSE,EQ,buy,30,782,1820627,"2021-04-06 10:48:46.000"
15,ADANIPORTS,"2021-04-06",NSE,EQ,buy,10,785,2036334,"2021-04-06 11:00:42.000"
15,ADANIPORTS,"2021-04-06",NSE,EQ,buy,1,782,1815454,"2021-04-06 10:48:28.000"
15,ADANIPORTS,"2021-04-06",NSE,EQ,buy,19,782,1815106,"2021-04-06 10:48:27.000"
15,ADANIPORTS,"2021-04-06",NSE,EQ,buy,10,775,1688349,"2021-04-06 10:39:31.000"
15,ADANIPORTS,"2021-02-04",NSE,EQ,sell,8,567,4345776,"2021-02-04 12:47:00.000"
15,ADANIPORTS,"2021-02-04",NSE,EQ,buy,8,569,4374053,"2021-02-04 12:49:23.000"
15,ADANIPORTS,"2021-04-06",NSE,EQ,sell,30,791,1889433,"2021-04-06 10:52:32.000"
15,ADANIPORTS,"2021-04-06",NSE,EQ,buy,40,794,1959231,"2021-04-06 10:56:12.000"
15,ADANIPORTS,"2021-04-06",NSE,EQ,sell,30,788,1974607,"2021-04-06 10:56:59.000"
15,ADANIPORTS,"2021-04-06",NSE,EQ,sell,40,788,1984252,"2021-04-06 10:57:27.000"
15,ADANIPORTS,"2021-03-23",NSE,EQ,sell,4,752,1076362,"2021-03-23 09:52:06.000"
15,ADANIPORTS,"2021-04-06",NSE,EQ,buy,10,787,2087801,"2021-04-06 11:04:55.000"
15,ADANIPORTS,"2021-04-06",NSE,EQ,buy,50,793,2174194,"2021-04-06 11:11:15.000"
15,ADANIPORTS,"2021-04-06",NSE,EQ,sell,20,805,2601892,"2021-04-06 11:45:15.000"
15,ADANIPORTS,"2021-04-06",NSE,EQ,sell,20,811,2762778,"2021-04-06 11:57:51.000"
15,ADANIPORTS,"2021-04-06",NSE,EQ,sell,20,807,3132369,"2021-04-06 12:33:17.000"
15,ADANIPORTS,"2021-04-06",NSE,EQ,sell,10,803,3882522,"2021-04-06 13:44:48.000"
15,ADANIPORTS,"2021-04-06",NSE,EQ,buy,5,823,4699716,"2021-04-06 15:02:10.000"
15,ADANIPORTS,"2021-04-06",NSE,EQ,buy,2,828,4856925,"2021-04-06 15:10:12.000"
15,ADANIPORTS,"2021-03-23",NSE,EQ,sell,4,749,1254021,"2021-03-23 10:01:53.000"
15,ADANIPORTS,"2021-06-09",NSE,EQ,sell,83,888,3073078,"2021-06-09 11:34:29.000"
15,ADANIPORTS,"2021-01-04",NSE,EQ,buy,5,511,614141,"2021-01-04 09:33:08.000"
15,ADANIPORTS,"2021-01-04",NSE,EQ,buy,2,507,747158,"2021-01-04 09:39:32.000"
15,ADANIPORTS,"2021-01-04",NSE,EQ,sell,7,504,1205064,"2021-01-04 10:05:14.000"
15,ADANIPORTS,"2021-10-14",NSE,EQ,sell,20,801,2289461,"2021-10-14 11:31:24.000"
15,ADANIPORTS,"2021-10-14",NSE,EQ,buy,20,800,1850526,"2021-10-14 10:53:04.000"
15,ADANIPORTS,"2021-10-13",NSE,EQ,sell,40,761,2584815,"2021-10-13 11:46:16.000"
15,ADANIPORTS,"2021-10-13",NSE,EQ,buy,40,759,2228760,"2021-10-13 11:16:27.000"
15,ADANIPORTS,"2021-10-13",NSE,EQ,sell,40,752,1207006,"2021-10-13 10:01:45.000"
15,ADANIPORTS,"2021-10-13",NSE,EQ,buy,40,754,1160654,"2021-10-13 09:58:49.000"
15,ADANIPORTS,"2021-05-03",NSE,EQ,sell,5,759,4906161,"2021-05-03 14:54:41.000"
15,ADANIPORTS,"2021-06-09",NSE,EQ,buy,10,898,2059895,"2021-06-09 10:24:50.000"
15,ADANIPORTS,"2021-06-09",NSE,EQ,sell,10,893,2160133,"2021-06-09 10:30:22.000"
15,ADANIPORTS,"2021-06-09",NSE,EQ,buy,100,891,2883363,"2021-06-09 11:18:58.000"
15,ADANIPORTS,"2021-05-03",NSE,EQ,buy,5,760,4879738,"2021-05-03 14:53:09.000"
15,ADANIPORTS,"2021-02-17",NSE,EQ,buy,10,653,1636641,"2021-02-17 10:06:06.000"
15,ADANIPORTS,"2021-02-17",NSE,EQ,sell,10,660,2709376,"2021-02-17 11:18:51.000"
16,ADANIPORTS21NOV780CE,"2021-11-03",NSE,FO,buy,1250,10,200061824,"2021-11-03 09:27:23.000"
16,ADANIPORTS21NOV780CE,"2021-11-03",NSE,FO,sell,1250,10,200072457,"2021-11-03 09:30:40.000"
17,ADANIPORTS21NOV800CE,"2021-11-10",NSE,FO,sell,1250,7,200467888,"2021-11-10 12:55:46.000"
17,ADANIPORTS21NOV800CE,"2021-11-10",NSE,FO,buy,1250,8,200464257,"2021-11-10 12:53:32.000"
18,ADANITRANS,"2021-02-15",BSE,EQ,sell,8,632,220900,"2021-02-15 09:17:15.000"
18,ADANITRANS,"2021-02-12",NSE,EQ,buy,5,622,4876291,"2021-02-12 15:04:44.000"
18,ADANITRANS,"2021-02-12",NSE,EQ,buy,3,622,4876292,"2021-02-12 15:04:44.000"
18,ADANITRANS,"2021-02-12",NSE,EQ,buy,15,611,1639508,"2021-02-12 10:29:30.000"
18,ADANITRANS,"2021-02-12",NSE,EQ,sell,15,609,1862780,"2021-02-12 10:42:39.000"
19,AMBUJACEM21APR310CE,"2021-04-16",NSE,FO,buy,3000,6,250053143,"2021-04-16 09:30:25.000"
19,AMBUJACEM21APR310CE,"2021-04-16",NSE,FO,sell,3000,6,250057310,"2021-04-16 09:31:49.000"
20,ASHOKLEY,"2021-04-08",NSE,EQ,buy,50,121,714797,"2021-04-08 09:35:15.000"
20,ASHOKLEY,"2021-04-08",NSE,EQ,buy,100,119,224759,"2021-04-08 09:19:01.000"
20,ASHOKLEY,"2021-04-13",NSE,EQ,sell,25,115,1846197,"2021-04-13 10:30:49.000"
20,ASHOKLEY,"2021-04-13",NSE,EQ,sell,100,115,1846198,"2021-04-13 10:30:49.000"
20,ASHOKLEY,"2021-04-08",NSE,EQ,buy,100,120,546267,"2021-04-08 09:28:45.000"
20,ASHOKLEY,"2021-04-13",NSE,EQ,sell,1,115,1846196,"2021-04-13 10:30:49.000"
20,ASHOKLEY,"2021-04-20",NSE,EQ,sell,60,113,1212912,"2021-04-20 09:58:06.000"
20,ASHOKLEY,"2021-04-13",NSE,EQ,buy,150,115,1402975,"2021-04-13 10:04:17.000"
20,ASHOKLEY,"2021-04-13",NSE,EQ,buy,500,116,1664355,"2021-04-13 10:19:04.000"
20,ASHOKLEY,"2021-04-20",NSE,EQ,buy,60,114,504180,"2021-04-20 09:25:04.000"
20,ASHOKLEY,"2021-10-13",NSE,EQ,buy,200,145,371236,"2021-10-13 09:22:57.000"
20,ASHOKLEY,"2021-10-13",NSE,EQ,sell,200,145,983500,"2021-10-13 09:48:49.000"
20,ASHOKLEY,"2021-04-13",NSE,EQ,sell,455,115,1846200,"2021-04-13 10:30:49.000"
20,ASHOKLEY,"2021-04-13",NSE,EQ,sell,25,115,1846199,"2021-04-13 10:30:49.000"
20,ASHOKLEY,"2021-04-08",NSE,EQ,buy,100,121,1000158,"2021-04-08 09:47:13.000"
20,ASHOKLEY,"2021-04-08",NSE,EQ,sell,200,124,2027519,"2021-04-08 10:58:26.000"
20,ASHOKLEY,"2021-04-08",NSE,EQ,sell,200,124,2094322,"2021-04-08 11:04:52.000"
20,ASHOKLEY,"2021-04-08",NSE,EQ,sell,100,124,1988326,"2021-04-08 10:55:17.000"
20,ASHOKLEY,"2021-04-08",NSE,EQ,buy,8,124,1870227,"2021-04-08 10:46:38.000"
20,ASHOKLEY,"2021-04-08",NSE,EQ,buy,1,124,1870258,"2021-04-08 10:46:38.000"
20,ASHOKLEY,"2021-04-08",NSE,EQ,buy,27,124,1870285,"2021-04-08 10:46:38.000"
20,ASHOKLEY,"2021-04-08",NSE,EQ,buy,4,124,1869997,"2021-04-08 10:46:37.000"
20,ASHOKLEY,"2021-04-08",NSE,EQ,buy,10,124,1870023,"2021-04-08 10:46:37.000"
20,ASHOKLEY,"2021-04-08",NSE,EQ,buy,50,124,1870092,"2021-04-08 10:46:37.000"
20,ASHOKLEY,"2021-04-08",NSE,EQ,buy,100,123,1671904,"2021-04-08 10:29:05.000"
20,ASHOKLEY,"2021-04-08",NSE,EQ,buy,50,123,1629383,"2021-04-08 10:25:41.000"
20,ASHOKLEY,"2021-04-08",NSE,EQ,sell,6,123,1565797,"2021-04-08 10:20:54.000"
20,ASHOKLEY,"2021-04-08",NSE,EQ,sell,244,123,1565798,"2021-04-08 10:20:54.000"
20,ASHOKLEY,"2021-04-08",NSE,EQ,buy,250,124,1557024,"2021-04-08 10:20:17.000"
20,ASHOKLEY,"2021-04-08",NSE,EQ,sell,250,122,1381309,"2021-04-08 10:09:09.000"
20,ASHOKLEY,"2021-04-08",NSE,EQ,buy,13,121,1029231,"2021-04-08 09:48:24.000"
20,ASHOKLEY,"2021-04-13",NSE,EQ,sell,38,115,1846194,"2021-04-13 10:30:49.000"
20,ASHOKLEY,"2021-04-13",NSE,EQ,sell,6,115,1846195,"2021-04-13 10:30:49.000"
20,ASHOKLEY,"2021-04-08",NSE,EQ,buy,37,121,1028976,"2021-04-08 09:48:23.000"
20,ASHOKLEY,"2021-04-08",NSE,EQ,buy,100,121,806315,"2021-04-08 09:38:53.000"
21,ASIANPAINT,"2021-03-26",NSE,EQ,buy,1,2480,1879457,"2021-03-26 11:12:45.000"
21,ASIANPAINT,"2021-03-26",NSE,EQ,sell,1,2478,1889070,"2021-03-26 11:13:44.000"
21,ASIANPAINT,"2021-02-17",NSE,EQ,sell,3,2420,1254471,"2021-02-17 09:47:49.000"
21,ASIANPAINT,"2021-03-26",NSE,EQ,buy,2,2478,1918337,"2021-03-26 11:16:41.000"
21,ASIANPAINT,"2021-03-26",NSE,EQ,sell,1,2500,2486908,"2021-03-26 12:17:29.000"
21,ASIANPAINT,"2021-03-26",NSE,EQ,sell,1,2497,2523300,"2021-03-26 12:20:40.000"
21,ASIANPAINT,"2021-02-17",NSE,EQ,buy,3,2413,1656358,"2021-02-17 10:07:18.000"
21,ASIANPAINT,"2021-05-14",NSE,EQ,sell,10,2765,3972549,"2021-05-14 12:00:25.000"
21,ASIANPAINT,"2021-04-06",NSE,EQ,sell,5,2577,1287729,"2021-04-06 10:14:11.000"
21,ASIANPAINT,"2021-05-14",NSE,EQ,buy,10,2764,3938518,"2021-05-14 11:58:29.000"
21,ASIANPAINT,"2021-05-14",NSE,EQ,sell,10,2765,3909741,"2021-05-14 11:57:08.000"
21,ASIANPAINT,"2021-04-06",NSE,EQ,buy,5,2572,1178982,"2021-04-06 10:07:38.000"
21,ASIANPAINT,"2021-04-05",NSE,EQ,buy,1,2500,2027647,"2021-04-05 10:48:28.000"
21,ASIANPAINT,"2021-05-14",NSE,EQ,buy,10,2768,4027063,"2021-05-14 12:02:53.000"
21,ASIANPAINT,"2021-04-05",NSE,EQ,sell,1,2486,1973299,"2021-04-05 10:44:11.000"
21,ASIANPAINT,"2021-03-16",NSE,EQ,buy,20,2425,1205541,"2021-03-16 10:14:05.000"
21,ASIANPAINT,"2021-03-16",NSE,EQ,sell,15,2420,1144328,"2021-03-16 10:08:44.000"
21,ASIANPAINT,"2021-03-16",NSE,EQ,sell,5,2423,1115948,"2021-03-16 10:06:15.000"
22,ASIANPAINT21AUG3100CE,"2021-08-20",NSE,FO,buy,300,36,250900233,"2021-08-20 12:31:07.000"
22,ASIANPAINT21AUG3100CE,"2021-08-20",NSE,FO,sell,300,33,250915972,"2021-08-20 12:38:00.000"
23,ASIANPAINT21AUG3140CE,"2021-08-20",NSE,FO,buy,300,32,251331136,"2021-08-20 14:53:21.000"
23,ASIANPAINT21AUG3140CE,"2021-08-20",NSE,FO,sell,300,29,251412528,"2021-08-20 15:12:30.000"
24,ASIANPAINT21NOV3280CE,"2021-11-18",NSE,FO,sell,150,33,200464288,"2021-11-18 11:09:31.000"
24,ASIANPAINT21NOV3280CE,"2021-11-18",NSE,FO,buy,150,35,200439456,"2021-11-18 10:57:43.000"
25,ATGL,"2021-04-15",NSE,EQ,buy,1,1116,4695411,"2021-04-15 14:51:09.000"
25,ATGL,"2021-04-16",BSE,EQ,sell,1,1144,744200,"2021-04-16 09:21:12.000"
26,AXISBANK,"2021-01-07",NSE,EQ,sell,5,674,3024219,"2021-01-07 12:57:13.000"
26,AXISBANK,"2021-01-07",NSE,EQ,buy,5,674,2994503,"2021-01-07 12:54:07.000"
26,AXISBANK,"2021-04-23",NSE,EQ,sell,4,674,2677015,"2021-04-23 12:18:59.000"
26,AXISBANK,"2021-04-23",NSE,EQ,sell,6,674,2677014,"2021-04-23 12:18:59.000"
26,AXISBANK,"2021-04-23",NSE,EQ,buy,10,675,2853261,"2021-04-23 12:31:59.000"
26,AXISBANK,"2021-03-15",NSE,EQ,buy,30,725,1452640,"2021-03-15 10:16:31.000"
26,AXISBANK,"2021-03-15",NSE,EQ,sell,20,728,1342783,"2021-03-15 10:08:25.000"
26,AXISBANK,"2021-03-15",NSE,EQ,sell,10,730,1309409,"2021-03-15 10:05:58.000"
27,BAJAJ-AUTO21JUN4500CE,"2021-06-01",NSE,FO,sell,250,62,250098413,"2021-06-01 09:34:49.000"
27,BAJAJ-AUTO21JUN4500CE,"2021-06-01",NSE,FO,buy,250,71,250044380,"2021-06-01 09:22:03.000"
27,BAJAJ-AUTO21JUN4500CE,"2021-06-01",NSE,FO,sell,250,57,250033250,"2021-06-01 09:20:11.000"
27,BAJAJ-AUTO21JUN4500CE,"2021-06-01",NSE,FO,buy,250,55,250030520,"2021-06-01 09:19:41.000"
28,BAJAJCON,"2021-02-05",NSE,EQ,buy,10,276,440613,"2021-02-05 09:22:10.000"
28,BAJAJCON,"2021-02-05",NSE,EQ,buy,10,273,508501,"2021-02-05 09:23:45.000"
28,BAJAJCON,"2021-02-05",NSE,EQ,buy,5,270,555700,"2021-02-05 09:25:02.000"
28,BAJAJCON,"2021-02-05",NSE,EQ,sell,25,269,866667,"2021-02-05 09:34:03.000"
29,BAJAJFINSV,"2021-05-31",NSE,EQ,buy,1,11692,904301,"2021-05-31 09:40:25.000"
29,BAJAJFINSV,"2021-05-31",NSE,EQ,sell,1,11651,143933,"2021-05-31 09:16:35.000"
29,BAJAJFINSV,"2021-05-31",NSE,EQ,sell,7,11650,143934,"2021-05-31 09:16:35.000"
29,BAJAJFINSV,"2021-05-31",NSE,EQ,sell,2,11651,143932,"2021-05-31 09:16:35.000"
29,BAJAJFINSV,"2021-05-31",NSE,EQ,buy,3,11692,904303,"2021-05-31 09:40:25.000"
29,BAJAJFINSV,"2021-05-31",NSE,EQ,buy,5,11692,904302,"2021-05-31 09:40:25.000"
29,BAJAJFINSV,"2021-05-31",NSE,EQ,buy,1,11692,904304,"2021-05-31 09:40:25.000"
30,BAJFINANCE,"2021-05-18",NSE,EQ,buy,1,5640,1121665,"2021-05-18 09:50:39.000"
30,BAJFINANCE,"2021-04-19",NSE,EQ,sell,2,4420,2127736,"2021-04-19 10:31:00.000"
30,BAJFINANCE,"2021-05-18",NSE,EQ,sell,1,5633,1135878,"2021-05-18 09:51:21.000"
30,BAJFINANCE,"2021-04-19",NSE,EQ,buy,2,4403,2077284,"2021-04-19 10:27:48.000"
30,BAJFINANCE,"2021-04-20",NSE,EQ,sell,3,4675,1373283,"2021-04-20 10:06:56.000"
30,BAJFINANCE,"2021-04-20",NSE,EQ,buy,1,4668,937411,"2021-04-20 09:43:39.000"
30,BAJFINANCE,"2021-05-18",NSE,EQ,buy,1,5588,491068,"2021-05-18 09:25:30.000"
30,BAJFINANCE,"2021-04-20",NSE,EQ,buy,2,4650,623158,"2021-04-20 09:29:26.000"
30,BAJFINANCE,"2021-05-18",NSE,EQ,sell,1,5620,688825,"2021-05-18 09:31:58.000"
30,BAJFINANCE,"2021-05-18",NSE,EQ,buy,1,5647,1880279,"2021-05-18 10:35:54.000"
30,BAJFINANCE,"2021-05-18",NSE,EQ,sell,1,5641,1962014,"2021-05-18 10:41:59.000"
31,BAJFINANCE21AUG6500CE,"2021-08-16",NSE,FO,buy,125,63,250748825,"2021-08-16 14:32:57.000"
31,BAJFINANCE21AUG6500CE,"2021-08-16",NSE,FO,sell,125,68,250789485,"2021-08-16 14:50:09.000"
31,BAJFINANCE21AUG6500CE,"2021-08-16",NSE,FO,sell,125,59,250740907,"2021-08-16 14:27:38.000"
31,BAJFINANCE21AUG6500CE,"2021-08-16",NSE,FO,sell,125,63,250757137,"2021-08-16 14:35:58.000"
31,BAJFINANCE21AUG6500CE,"2021-08-16",NSE,FO,buy,125,57,250736985,"2021-08-16 14:25:00.000"
31,BAJFINANCE21AUG6500CE,"2021-08-16",NSE,FO,buy,125,66,250768621,"2021-08-16 14:40:37.000"
32,BAJFINANCE21AUG6600CE,"2021-08-16",NSE,FO,buy,125,51,250839055,"2021-08-16 15:09:35.000"
32,BAJFINANCE21AUG6600CE,"2021-08-16",NSE,FO,sell,125,56,250846995,"2021-08-16 15:11:05.000"
32,BAJFINANCE21AUG6600CE,"2021-08-18",NSE,FO,sell,125,69,250172594,"2021-08-18 09:36:29.000"
32,BAJFINANCE21AUG6600CE,"2021-08-18",NSE,FO,buy,125,62,250095809,"2021-08-18 09:26:18.000"
33,BAJFINANCE21AUG6700CE,"2021-08-20",NSE,FO,buy,125,85,250640294,"2021-08-20 11:16:10.000"
33,BAJFINANCE21AUG6700CE,"2021-08-20",NSE,FO,sell,125,70,250302248,"2021-08-20 10:00:30.000"
33,BAJFINANCE21AUG6700CE,"2021-08-18",NSE,FO,buy,125,94,250442012,"2021-08-18 10:41:57.000"
33,BAJFINANCE21AUG6700CE,"2021-08-20",NSE,FO,sell,125,82,250658540,"2021-08-20 11:19:57.000"
33,BAJFINANCE21AUG6700CE,"2021-08-20",NSE,FO,buy,125,65,250273406,"2021-08-20 09:55:34.000"
33,BAJFINANCE21AUG6700CE,"2021-08-18",NSE,FO,sell,125,87,250500955,"2021-08-18 10:54:41.000"
33,BAJFINANCE21AUG6700CE,"2021-08-18",NSE,FO,buy,125,95,250473349,"2021-08-18 10:48:03.000"
33,BAJFINANCE21AUG6700CE,"2021-08-18",NSE,FO,sell,125,87,250464566,"2021-08-18 10:46:27.000"
34,BAJFINANCE21AUG6800CE,"2021-08-20",NSE,FO,buy,125,63,250676658,"2021-08-20 11:24:46.000"
34,BAJFINANCE21AUG6800CE,"2021-08-20",NSE,FO,sell,125,65,250706494,"2021-08-20 11:30:58.000"
34,BAJFINANCE21AUG6800CE,"2021-08-23",NSE,FO,sell,125,100,250473692,"2021-08-23 10:30:31.000"
34,BAJFINANCE21AUG6800CE,"2021-08-23",NSE,FO,buy,125,76,250362797,"2021-08-23 10:07:56.000"
35,BAJFINANCE21AUG6900CE,"2021-08-20",NSE,FO,buy,125,51,250711430,"2021-08-20 11:32:06.000"
35,BAJFINANCE21AUG6900CE,"2021-08-20",NSE,FO,sell,125,54,250763329,"2021-08-20 11:43:32.000"
35,BAJFINANCE21AUG6900CE,"2021-08-23",NSE,FO,sell,125,46,251131422,"2021-08-23 13:52:14.000"
35,BAJFINANCE21AUG6900CE,"2021-08-23",NSE,FO,buy,125,70,250984990,"2021-08-23 13:06:41.000"
36,BAJFINANCE21AUG7100CE,"2021-08-24",NSE,FO,sell,125,70,251046687,"2021-08-24 12:31:05.000"
36,BAJFINANCE21AUG7100CE,"2021-08-24",NSE,FO,buy,125,78,251060955,"2021-08-24 12:33:26.000"
36,BAJFINANCE21AUG7100CE,"2021-08-24",NSE,FO,sell,125,64,251123014,"2021-08-24 12:43:52.000"
36,BAJFINANCE21AUG7100CE,"2021-08-24",NSE,FO,buy,125,75,251041514,"2021-08-24 12:30:13.000"
36,BAJFINANCE21AUG7100CE,"2021-08-24",NSE,FO,buy,125,78,251181601,"2021-08-24 12:58:02.000"
36,BAJFINANCE21AUG7100CE,"2021-08-24",NSE,FO,sell,125,68,251218704,"2021-08-24 13:08:14.000"
37,BAJFINANCE21AUG7200CE,"2021-08-24",NSE,FO,buy,125,61,251071549,"2021-08-24 12:35:02.000"
37,BAJFINANCE21AUG7200CE,"2021-08-24",NSE,FO,sell,125,42,251123113,"2021-08-24 12:43:53.000"
38,BAJFINANCE21NOV6800PE,"2021-11-22",NSE,FO,sell,125,32,200942516,"2021-11-22 13:20:55.000"
38,BAJFINANCE21NOV6800PE,"2021-11-22",NSE,FO,buy,125,29,200928828,"2021-11-22 13:13:13.000"
39,BAJFINANCE21NOV7000PE,"2021-11-22",NSE,FO,sell,125,20,200299001,"2021-11-22 09:55:09.000"
39,BAJFINANCE21NOV7000PE,"2021-11-22",NSE,FO,buy,125,28,200259363,"2021-11-22 09:48:04.000"
40,BAJFINANCE21OCT8800CE,"2021-10-26",NSE,FO,buy,125,21,200896634,"2021-10-26 14:47:13.000"
40,BAJFINANCE21OCT8800CE,"2021-10-26",NSE,FO,sell,125,20,200915883,"2021-10-26 14:54:38.000"
41,BANKBARODA,"2021-04-29",NSE,EQ,sell,10,69,609924,"2021-04-29 09:31:02.000"
41,BANKBARODA,"2021-04-29",NSE,EQ,buy,10,70,484032,"2021-04-29 09:25:54.000"
41,BANKBARODA,"2021-04-09",NSE,EQ,buy,100,76,1292483,"2021-04-09 09:58:45.000"
41,BANKBARODA,"2021-04-09",NSE,EQ,sell,200,77,1531228,"2021-04-09 10:12:56.000"
41,BANKBARODA,"2021-04-09",NSE,EQ,sell,200,77,1407415,"2021-04-09 10:05:09.000"
41,BANKBARODA,"2021-04-09",NSE,EQ,buy,277,77,1321476,"2021-04-09 10:00:23.000"
41,BANKBARODA,"2021-04-09",NSE,EQ,buy,23,77,1321475,"2021-04-09 10:00:23.000"
42,BANKNIFTY2121836300PE,"2021-02-18",NSE,FO,sell,25,86,681626128,"2021-02-18 13:49:52.000"
42,BANKNIFTY2121836300PE,"2021-02-18",NSE,FO,buy,25,80,680836412,"2021-02-18 13:35:48.000"
42,BANKNIFTY2121836300PE,"2021-02-18",NSE,FO,sell,25,86,680396328,"2021-02-18 13:30:11.000"
42,BANKNIFTY2121836300PE,"2021-02-18",NSE,FO,buy,25,65,680126151,"2021-02-18 13:26:11.000"
43,BANKNIFTY2121836400PE,"2021-02-18",NSE,FO,sell,25,123,677906298,"2021-02-18 12:48:51.000"
43,BANKNIFTY2121836400PE,"2021-02-18",NSE,FO,buy,25,120,677459530,"2021-02-18 12:41:51.000"
43,BANKNIFTY2121836400PE,"2021-02-18",NSE,FO,buy,25,90,679088142,"2021-02-18 13:07:10.000"
43,BANKNIFTY2121836400PE,"2021-02-18",NSE,FO,sell,25,120,679776447,"2021-02-18 13:20:26.000"
44,BANKNIFTY2121836600PE,"2021-02-18",NSE,FO,sell,25,186,677111476,"2021-02-18 12:36:23.000"
44,BANKNIFTY2121836600PE,"2021-02-18",NSE,FO,buy,25,180,676682186,"2021-02-18 12:27:38.000"
44,BANKNIFTY2121836600PE,"2021-02-18",NSE,FO,buy,25,75,673325383,"2021-02-18 11:31:14.000"
44,BANKNIFTY2121836600PE,"2021-02-18",NSE,FO,sell,25,170,676494567,"2021-02-18 12:25:36.000"
44,BANKNIFTY2121836600PE,"2021-02-18",NSE,FO,sell,25,85,673497962,"2021-02-18 11:35:04.000"
44,BANKNIFTY2121836600PE,"2021-02-18",NSE,FO,buy,25,160,676197720,"2021-02-18 12:20:54.000"
45,BANKNIFTY2121836700CE,"2021-02-18",NSE,FO,buy,25,35,682228158,"2021-02-18 13:57:54.000"
45,BANKNIFTY2121836700CE,"2021-02-18",NSE,FO,buy,25,271,668739434,"2021-02-18 09:43:41.000"
45,BANKNIFTY2121836700CE,"2021-02-18",NSE,FO,sell,25,14,682566492,"2021-02-18 14:02:14.000"
45,BANKNIFTY2121836700CE,"2021-02-18",NSE,FO,sell,25,275,669086632,"2021-02-18 09:49:54.000"
46,BANKNIFTY2121836900PE,"2021-02-18",NSE,FO,buy,25,252,673584496,"2021-02-18 11:35:40.000"
46,BANKNIFTY2121836900PE,"2021-02-17",NSE,FO,sell,25,198,675932266,"2021-02-17 13:56:26.000"
46,BANKNIFTY2121836900PE,"2021-02-18",NSE,FO,sell,25,279,674567053,"2021-02-18 11:50:09.000"
46,BANKNIFTY2121836900PE,"2021-02-18",NSE,FO,buy,25,280,674472061,"2021-02-18 11:48:19.000"
46,BANKNIFTY2121836900PE,"2021-02-18",NSE,FO,sell,25,280,674235670,"2021-02-18 11:45:30.000"
46,BANKNIFTY2121836900PE,"2021-02-18",NSE,FO,buy,25,245,674136293,"2021-02-18 11:43:50.000"
46,BANKNIFTY2121836900PE,"2021-02-17",NSE,FO,sell,25,172,670678605,"2021-02-17 11:02:43.000"
46,BANKNIFTY2121836900PE,"2021-02-17",NSE,FO,buy,25,225,673871958,"2021-02-17 13:03:55.000"
46,BANKNIFTY2121836900PE,"2021-02-17",NSE,FO,buy,25,215,670003487,"2021-02-17 10:43:12.000"
46,BANKNIFTY2121836900PE,"2021-02-18",NSE,FO,buy,25,354,675729158,"2021-02-18 12:15:40.000"
46,BANKNIFTY2121836900PE,"2021-02-18",NSE,FO,sell,25,240,673838945,"2021-02-18 11:39:03.000"
46,BANKNIFTY2121836900PE,"2021-02-17",NSE,FO,buy,25,270,675623566,"2021-02-17 13:49:10.000"
46,BANKNIFTY2121836900PE,"2021-02-18",NSE,FO,buy,25,155,671093605,"2021-02-18 10:32:04.000"
46,BANKNIFTY2121836900PE,"2021-02-18",NSE,FO,sell,25,152,671363057,"2021-02-18 10:37:30.000"
46,BANKNIFTY2121836900PE,"2021-02-18",NSE,FO,buy,25,165,672547064,"2021-02-18 11:11:14.000"
46,BANKNIFTY2121836900PE,"2021-02-18",NSE,FO,sell,25,175,672613267,"2021-02-18 11:14:27.000"
46,BANKNIFTY2121836900PE,"2021-02-17",NSE,FO,sell,25,250,673942594,"2021-02-17 13:05:19.000"
46,BANKNIFTY2121836900PE,"2021-02-18",NSE,FO,buy,25,266,668344416,"2021-02-18 09:37:33.000"
46,BANKNIFTY2121836900PE,"2021-02-18",NSE,FO,sell,25,217,668588454,"2021-02-18 09:41:19.000"
46,BANKNIFTY2121836900PE,"2021-02-18",NSE,FO,buy,25,185,672869181,"2021-02-18 11:20:17.000"
46,BANKNIFTY2121836900PE,"2021-02-18",NSE,FO,sell,25,200,672902723,"2021-02-18 11:21:05.000"
46,BANKNIFTY2121836900PE,"2021-02-18",NSE,FO,sell,25,360,675907222,"2021-02-18 12:17:20.000"
47,BANKNIFTY2121837000PE,"2021-02-17",NSE,FO,buy,25,340,667218741,"2021-02-17 09:25:31.000"
47,BANKNIFTY2121837000PE,"2021-02-17",NSE,FO,buy,25,230,673402941,"2021-02-17 12:55:32.000"
47,BANKNIFTY2121837000PE,"2021-02-17",NSE,FO,sell,25,270,673700410,"2021-02-17 13:00:52.000"
47,BANKNIFTY2121837000PE,"2021-02-17",NSE,FO,sell,25,250,676190243,"2021-02-17 14:03:07.000"
47,BANKNIFTY2121837000PE,"2021-02-17",NSE,FO,sell,25,390,667941192,"2021-02-17 09:38:57.000"
47,BANKNIFTY2121837000PE,"2021-02-17",NSE,FO,buy,25,260,676131842,"2021-02-17 14:00:48.000"
47,BANKNIFTY2121837000PE,"2021-02-16",NSE,FO,buy,25,415,672858476,"2021-02-16 12:46:02.000"
47,BANKNIFTY2121837000PE,"2021-02-16",NSE,FO,sell,25,450,673409731,"2021-02-16 13:06:28.000"
48,BANKNIFTY2121837100CE,"2021-02-18",NSE,FO,sell,50,84,667824519,"2021-02-18 09:30:15.000"
48,BANKNIFTY2121837100CE,"2021-02-15",NSE,FO,sell,25,380,670552329,"2021-02-15 13:03:41.000"
48,BANKNIFTY2121837100CE,"2021-02-15",NSE,FO,buy,25,329,670266705,"2021-02-15 12:48:27.000"
48,BANKNIFTY2121837100CE,"2021-02-18",NSE,FO,buy,25,126,667225613,"2021-02-18 09:22:02.000"
48,BANKNIFTY2121837100CE,"2021-02-18",NSE,FO,buy,25,120,667140904,"2021-02-18 09:20:37.000"
49,BANKNIFTY2121837200CE,"2021-02-16",NSE,FO,sell,25,355,677416917,"2021-02-16 15:25:52.000"
49,BANKNIFTY2121837200CE,"2021-02-18",NSE,FO,sell,25,47,670173226,"2021-02-18 10:11:17.000"
49,BANKNIFTY2121837200CE,"2021-02-16",NSE,FO,buy,25,320,674385085,"2021-02-16 13:37:17.000"
49,BANKNIFTY2121837200CE,"2021-02-17",NSE,FO,buy,25,175,676462181,"2021-02-17 14:14:47.000"
49,BANKNIFTY2121837200CE,"2021-02-18",NSE,FO,buy,25,60,670028157,"2021-02-18 10:08:28.000"
49,BANKNIFTY2121837200CE,"2021-02-17",NSE,FO,buy,25,186,676003165,"2021-02-17 13:57:42.000"
49,BANKNIFTY2121837200CE,"2021-02-17",NSE,FO,sell,25,190,676072602,"2021-02-17 13:59:20.000"
49,BANKNIFTY2121837200CE,"2021-02-17",NSE,FO,sell,25,160,677747137,"2021-02-17 14:54:20.000"
49,BANKNIFTY2121837200CE,"2021-02-15",NSE,FO,buy,25,310,670823696,"2021-02-15 13:23:59.000"
49,BANKNIFTY2121837200CE,"2021-02-15",NSE,FO,sell,25,343,671067293,"2021-02-15 13:36:25.000"
50,BANKNIFTY2121837200PE,"2021-02-17",NSE,FO,sell,25,400,674678859,"2021-02-17 13:29:48.000"
50,BANKNIFTY2121837200PE,"2021-02-17",NSE,FO,buy,25,395,674276141,"2021-02-17 13:12:20.000"
51,BANKNIFTY2121837300CE,"2021-02-15",NSE,FO,buy,25,305,672023035,"2021-02-15 14:26:18.000"
51,BANKNIFTY2121837300CE,"2021-02-17",NSE,FO,buy,25,291,670749651,"2021-02-17 11:03:57.000"
51,BANKNIFTY2121837300CE,"2021-02-17",NSE,FO,sell,25,211,673199028,"2021-02-17 12:51:47.000"
51,BANKNIFTY2121837300CE,"2021-02-15",NSE,FO,sell,25,325,672184412,"2021-02-15 14:39:42.000"
52,BANKNIFTY2121837400CE,"2021-02-15",NSE,FO,sell,25,152,668956295,"2021-02-15 11:09:02.000"
52,BANKNIFTY2121837400CE,"2021-02-15",NSE,FO,buy,25,152,668856283,"2021-02-15 10:55:00.000"
52,BANKNIFTY2121837400CE,"2021-02-15",NSE,FO,buy,25,320,672606287,"2021-02-15 14:59:55.000"
52,BANKNIFTY2121837400CE,"2021-02-16",NSE,FO,sell,25,453,668429285,"2021-02-16 09:53:58.000"
53,BANKNIFTY2121837500CE,"2021-02-16",NSE,FO,buy,25,360,669266878,"2021-02-16 10:09:52.000"
53,BANKNIFTY2121837500CE,"2021-02-16",NSE,FO,sell,25,400,669934510,"2021-02-16 10:38:34.000"
54,BANKNIFTY2121837600CE,"2021-02-16",NSE,FO,buy,25,365,670169046,"2021-02-16 10:46:10.000"
54,BANKNIFTY2121837600CE,"2021-02-16",NSE,FO,sell,25,315,670295596,"2021-02-16 10:53:05.000"
54,BANKNIFTY2121837600CE,"2021-02-17",NSE,FO,sell,25,86,666744551,"2021-02-17 09:16:08.000"
54,BANKNIFTY2121837600CE,"2021-02-16",NSE,FO,buy,25,197,677462817,"2021-02-16 15:27:45.000"
55,BANKNIFTY2130434000PE,"2021-02-26",NSE,FO,buy,25,431,669979600,"2021-02-26 11:35:48.000"
55,BANKNIFTY2130434000PE,"2021-02-26",NSE,FO,sell,25,408,670061919,"2021-02-26 11:38:12.000"
55,BANKNIFTY2130434000PE,"2021-02-26",NSE,FO,buy,25,443,670910750,"2021-02-26 12:21:24.000"
55,BANKNIFTY2130434000PE,"2021-02-26",NSE,FO,sell,25,453,671046235,"2021-02-26 12:34:45.000"
56,BANKNIFTY2130434100PE,"2021-03-01",NSE,FO,sell,25,175,667866391,"2021-03-01 09:48:40.000"
56,BANKNIFTY2130434100PE,"2021-03-01",NSE,FO,buy,25,266,667519346,"2021-03-01 09:38:06.000"
57,BANKNIFTY2130434300PE,"2021-03-01",NSE,FO,buy,25,237,668409180,"2021-03-01 10:14:39.000"
57,BANKNIFTY2130434300PE,"2021-03-01",NSE,FO,buy,25,230,668218959,"2021-03-01 10:03:13.000"
57,BANKNIFTY2130434300PE,"2021-03-01",NSE,FO,sell,25,231,668286882,"2021-03-01 10:05:44.000"
57,BANKNIFTY2130434300PE,"2021-03-01",NSE,FO,sell,25,183,668586868,"2021-03-01 10:26:02.000"
58,BANKNIFTY2130434600PE,"2021-03-02",NSE,FO,sell,25,218,671661316,"2021-03-02 11:33:46.000"
58,BANKNIFTY2130434600PE,"2021-03-02",NSE,FO,buy,25,248,671624457,"2021-03-02 11:32:25.000"
58,BANKNIFTY2130434600PE,"2021-03-02",NSE,FO,sell,25,241,671339516,"2021-03-02 11:23:01.000"
58,BANKNIFTY2130434600PE,"2021-03-02",NSE,FO,buy,25,262,671271297,"2021-03-02 11:21:29.000"
59,BANKNIFTY2130434700PE,"2021-02-26",NSE,FO,buy,25,518,669291394,"2021-02-26 11:03:35.000"
59,BANKNIFTY2130434700PE,"2021-02-26",NSE,FO,sell,25,537,669366067,"2021-02-26 11:06:33.000"
60,BANKNIFTY2130434900PE,"2021-03-03",NSE,FO,buy,25,50,670921534,"2021-03-03 11:06:42.000"
60,BANKNIFTY2130434900PE,"2021-03-03",NSE,FO,sell,25,48,670935325,"2021-03-03 11:07:48.000"
61,BANKNIFTY2130435000PE,"2021-02-26",NSE,FO,buy,25,528,666706569,"2021-02-26 09:15:44.000"
61,BANKNIFTY2130435000PE,"2021-02-26",NSE,FO,sell,25,522,666745526,"2021-02-26 09:16:32.000"
61,BANKNIFTY2130435000PE,"2021-03-02",NSE,FO,sell,25,227,669260230,"2021-03-02 10:24:57.000"
61,BANKNIFTY2130435000PE,"2021-02-26",NSE,FO,buy,25,506,666928344,"2021-02-26 09:21:23.000"
61,BANKNIFTY2130435000PE,"2021-02-26",NSE,FO,sell,25,423,667009586,"2021-02-26 09:23:27.000"
61,BANKNIFTY2130435000PE,"2021-03-02",NSE,FO,sell,25,360,673091964,"2021-03-02 12:45:02.000"
61,BANKNIFTY2130435000PE,"2021-03-02",NSE,FO,buy,25,229,669221521,"2021-03-02 10:22:20.000"
61,BANKNIFTY2130435000PE,"2021-03-02",NSE,FO,sell,25,364,673286481,"2021-03-02 12:51:39.000"
61,BANKNIFTY2130435000PE,"2021-03-02",NSE,FO,buy,25,355,672334274,"2021-03-02 12:04:24.000"
61,BANKNIFTY2130435000PE,"2021-03-02",NSE,FO,sell,25,370,672417936,"2021-03-02 12:09:02.000"
61,BANKNIFTY2130435000PE,"2021-03-02",NSE,FO,buy,25,370,673219984,"2021-03-02 12:49:49.000"
61,BANKNIFTY2130435000PE,"2021-03-02",NSE,FO,buy,25,345,673010934,"2021-03-02 12:40:05.000"
62,BANKNIFTY2130435400PE,"2021-03-03",NSE,FO,buy,25,37,677681999,"2021-03-03 15:07:49.000"
62,BANKNIFTY2130435400PE,"2021-03-04",NSE,FO,sell,25,134,666996684,"2021-03-04 09:19:51.000"
63,BANKNIFTY2130435600CE,"2021-02-26",NSE,FO,sell,25,403,671689549,"2021-02-26 13:15:42.000"
63,BANKNIFTY2130435600CE,"2021-02-26",NSE,FO,buy,25,444,671459225,"2021-02-26 12:58:51.000"
63,BANKNIFTY2130435600CE,"2021-02-26",NSE,FO,sell,25,427,670671070,"2021-02-26 12:06:45.000"
63,BANKNIFTY2130435600CE,"2021-02-26",NSE,FO,buy,25,495,670400730,"2021-02-26 11:55:24.000"
64,BANKNIFTY2130435700CE,"2021-03-02",NSE,FO,sell,25,232,672150645,"2021-03-02 11:53:48.000"
64,BANKNIFTY2130435700CE,"2021-03-02",NSE,FO,buy,25,258,671998981,"2021-03-02 11:46:51.000"
64,BANKNIFTY2130435700CE,"2021-03-02",NSE,FO,sell,25,213,671514870,"2021-03-02 11:28:36.000"
64,BANKNIFTY2130435700CE,"2021-03-02",NSE,FO,buy,25,221,671474465,"2021-03-02 11:27:14.000"
65,BANKNIFTY2130435900CE,"2021-03-02",NSE,FO,sell,25,295,668581276,"2021-03-02 09:55:50.000"
65,BANKNIFTY2130435900CE,"2021-03-02",NSE,FO,buy,25,286,668540053,"2021-03-02 09:55:05.000"
66,BANKNIFTY2130436000CE,"2021-03-01",NSE,FO,buy,25,253,673765645,"2021-03-01 15:14:36.000"
66,BANKNIFTY2130436000CE,"2021-03-03",NSE,FO,sell,25,245,667773915,"2021-03-03 09:33:34.000"
66,BANKNIFTY2130436000CE,"2021-03-03",NSE,FO,buy,25,239,667684695,"2021-03-03 09:31:57.000"
66,BANKNIFTY2130436000CE,"2021-03-02",NSE,FO,sell,25,170,677611091,"2021-03-02 15:29:54.000"
66,BANKNIFTY2130436000CE,"2021-03-02",NSE,FO,buy,25,172,677496353,"2021-03-02 15:25:39.000"
66,BANKNIFTY2130436000CE,"2021-03-02",NSE,FO,sell,25,258,666780634,"2021-03-02 09:16:31.000"
66,BANKNIFTY2130436000CE,"2021-03-03",NSE,FO,buy,25,269,668924617,"2021-03-03 09:57:36.000"
66,BANKNIFTY2130436000CE,"2021-03-03",NSE,FO,sell,25,250,669490111,"2021-03-03 10:14:07.000"
66,BANKNIFTY2130436000CE,"2021-03-03",NSE,FO,buy,25,283,669595471,"2021-03-03 10:16:19.000"
66,BANKNIFTY2130436000CE,"2021-03-03",NSE,FO,sell,25,295,669724068,"2021-03-03 10:19:20.000"
66,BANKNIFTY2130436000CE,"2021-03-04",NSE,FO,buy,25,140,667942599,"2021-03-04 09:31:05.000"
66,BANKNIFTY2130436000CE,"2021-03-04",NSE,FO,sell,25,127,668032850,"2021-03-04 09:32:17.000"
67,BANKNIFTY2130436200CE,"2021-03-01",NSE,FO,sell,25,204,671521166,"2021-03-01 13:10:40.000"
67,BANKNIFTY2130436200CE,"2021-03-01",NSE,FO,buy,25,205,671401066,"2021-03-01 13:03:41.000"
67,BANKNIFTY2130436200CE,"2021-03-01",NSE,FO,buy,25,216,667517097,"2021-03-01 09:38:02.000"
67,BANKNIFTY2130436200CE,"2021-03-01",NSE,FO,sell,25,253,669010836,"2021-03-01 10:48:40.000"
67,BANKNIFTY2130436200CE,"2021-03-01",NSE,FO,sell,25,262,667985536,"2021-03-01 09:51:56.000"
67,BANKNIFTY2130436200CE,"2021-03-01",NSE,FO,buy,25,237,668408936,"2021-03-01 10:14:37.000"
68,BANKNIFTY2130436400CE,"2021-03-01",NSE,FO,buy,25,195,668220106,"2021-03-01 10:03:15.000"
68,BANKNIFTY2130436400CE,"2021-03-01",NSE,FO,sell,25,178,668277943,"2021-03-01 10:05:27.000"
69,BANKNIFTY2130436500CE,"2021-03-03",NSE,FO,sell,25,108,670917251,"2021-03-03 11:06:20.000"
69,BANKNIFTY2130436500CE,"2021-03-03",NSE,FO,buy,25,121,670826927,"2021-03-03 11:00:35.000"
70,BANKNIFTY2130437000CE,"2021-03-04",NSE,FO,sell,25,7,666688666,"2021-03-04 09:15:21.000"
70,BANKNIFTY2130437000CE,"2021-03-04",NSE,FO,sell,50,7,666688665,"2021-03-04 09:15:21.000"
70,BANKNIFTY2130437000CE,"2021-02-24",NSE,FO,buy,25,418,167464842,"2021-02-24 16:57:01.000"
70,BANKNIFTY2130437000CE,"2021-02-25",NSE,FO,sell,25,735,166782319,"2021-02-25 09:22:17.000"
70,BANKNIFTY2130437000CE,"2021-03-03",NSE,FO,buy,50,98,674998884,"2021-03-03 13:47:40.000"
70,BANKNIFTY2130437000CE,"2021-03-03",NSE,FO,buy,25,62,674067797,"2021-03-03 13:24:42.000"
71,BANKNIFTY2131833400PE,"2021-03-18",NSE,FO,buy,25,2,762798247,"2021-03-18 14:59:13.000"
71,BANKNIFTY2131833400PE,"2021-03-18",NSE,FO,buy,25,8,761464119,"2021-03-18 14:36:24.000"
71,BANKNIFTY2131833400PE,"2021-03-18",NSE,FO,sell,25,4,761602801,"2021-03-18 14:38:26.000"
71,BANKNIFTY2131833400PE,"2021-03-18",NSE,FO,sell,200,1,763267809,"2021-03-18 15:07:34.000"
71,BANKNIFTY2131833400PE,"2021-03-18",NSE,FO,sell,25,4,762307420,"2021-03-18 14:48:48.000"
71,BANKNIFTY2131833400PE,"2021-03-18",NSE,FO,sell,25,2,762879440,"2021-03-18 15:00:46.000"
71,BANKNIFTY2131833400PE,"2021-03-18",NSE,FO,buy,100,2,763037149,"2021-03-18 15:03:17.000"
71,BANKNIFTY2131833400PE,"2021-03-18",NSE,FO,buy,25,2,763037103,"2021-03-18 15:03:17.000"
71,BANKNIFTY2131833400PE,"2021-03-18",NSE,FO,sell,25,4,762307421,"2021-03-18 14:48:48.000"
71,BANKNIFTY2131833400PE,"2021-03-18",NSE,FO,buy,50,2,763037088,"2021-03-18 15:03:17.000"
71,BANKNIFTY2131833400PE,"2021-03-18",NSE,FO,buy,25,2,763037259,"2021-03-18 15:03:18.000"
71,BANKNIFTY2131833400PE,"2021-03-18",NSE,FO,buy,50,13,762061324,"2021-03-18 14:45:17.000"
72,BANKNIFTY2131833500PE,"2021-03-18",NSE,FO,buy,100,50,759398421,"2021-03-18 14:00:55.000"
72,BANKNIFTY2131833500PE,"2021-03-18",NSE,FO,sell,25,65,759830213,"2021-03-18 14:07:32.000"
72,BANKNIFTY2131833500PE,"2021-03-18",NSE,FO,buy,25,37,759198781,"2021-03-18 13:58:51.000"
72,BANKNIFTY2131833500PE,"2021-03-18",NSE,FO,sell,25,65,759830222,"2021-03-18 14:07:32.000"
72,BANKNIFTY2131833500PE,"2021-03-18",NSE,FO,sell,25,65,759830214,"2021-03-18 14:07:32.000"
72,BANKNIFTY2131833500PE,"2021-03-18",NSE,FO,buy,50,17,757333072,"2021-03-18 13:24:02.000"
72,BANKNIFTY2131833500PE,"2021-03-18",NSE,FO,buy,50,17,757333073,"2021-03-18 13:24:02.000"
72,BANKNIFTY2131833500PE,"2021-03-18",NSE,FO,sell,75,12,757244250,"2021-03-18 13:22:39.000"
72,BANKNIFTY2131833500PE,"2021-03-18",NSE,FO,sell,25,31,758018780,"2021-03-18 13:34:13.000"
72,BANKNIFTY2131833500PE,"2021-03-18",NSE,FO,sell,75,30,757829064,"2021-03-18 13:32:03.000"
72,BANKNIFTY2131833500PE,"2021-03-18",NSE,FO,buy,25,20,757056764,"2021-03-18 13:20:15.000"
72,BANKNIFTY2131833500PE,"2021-03-18",NSE,FO,sell,25,65,759830224,"2021-03-18 14:07:32.000"
72,BANKNIFTY2131833500PE,"2021-03-18",NSE,FO,sell,25,65,759830229,"2021-03-18 14:07:32.000"
72,BANKNIFTY2131833500PE,"2021-03-18",NSE,FO,buy,25,48,760186053,"2021-03-18 14:13:34.000"
72,BANKNIFTY2131833500PE,"2021-03-18",NSE,FO,sell,25,45,760313767,"2021-03-18 14:15:17.000"
72,BANKNIFTY2131833500PE,"2021-03-18",NSE,FO,buy,50,45,760637408,"2021-03-18 14:20:53.000"
72,BANKNIFTY2131833500PE,"2021-03-18",NSE,FO,sell,25,56,760730230,"2021-03-18 14:22:49.000"
72,BANKNIFTY2131833500PE,"2021-03-18",NSE,FO,sell,25,56,760730229,"2021-03-18 14:22:49.000"
72,BANKNIFTY2131833500PE,"2021-03-18",NSE,FO,buy,50,20,757056734,"2021-03-18 13:20:15.000"
73,BANKNIFTY2131834000CE,"2021-03-18",NSE,FO,sell,50,0,514707190,"2021-03-18 15:22:55.000"
73,BANKNIFTY2131834000CE,"2021-03-18",NSE,FO,sell,25,0,514707183,"2021-03-18 15:22:55.000"
73,BANKNIFTY2131834000CE,"2021-03-18",NSE,FO,sell,925,0,514707202,"2021-03-18 15:22:55.000"
73,BANKNIFTY2131834000CE,"2021-03-18",NSE,FO,buy,1000,0,514669400,"2021-03-18 15:21:22.000"
74,BANKNIFTY2131834100CE,"2021-03-18",NSE,FO,sell,25,8,512377424,"2021-03-18 14:43:13.000"
74,BANKNIFTY2131834100CE,"2021-03-18",NSE,FO,buy,25,13,512247517,"2021-03-18 14:41:24.000"
75,BANKNIFTY2131834200PE,"2021-03-17",NSE,FO,buy,25,175,750131774,"2021-03-17 09:17:29.000"
75,BANKNIFTY2131834200PE,"2021-03-17",NSE,FO,sell,25,180,750191771,"2021-03-17 09:19:07.000"
76,BANKNIFTY2131834300PE,"2021-03-18",NSE,FO,sell,25,70,750856871,"2021-03-18 09:41:59.000"
76,BANKNIFTY2131834300PE,"2021-03-18",NSE,FO,buy,25,100,750370602,"2021-03-18 09:25:48.000"
76,BANKNIFTY2131834300PE,"2021-03-18",NSE,FO,buy,25,122,756101916,"2021-03-18 13:08:19.000"
76,BANKNIFTY2131834300PE,"2021-03-18",NSE,FO,sell,25,240,756682264,"2021-03-18 13:16:30.000"
76,BANKNIFTY2131834300PE,"2021-03-16",NSE,FO,buy,25,169,753429397,"2021-03-16 13:18:19.000"
76,BANKNIFTY2131834300PE,"2021-03-16",NSE,FO,sell,25,150,753455777,"2021-03-16 13:19:09.000"
76,BANKNIFTY2131834300PE,"2021-03-16",NSE,FO,buy,25,166,753481866,"2021-03-16 13:20:14.000"
76,BANKNIFTY2131834300PE,"2021-03-16",NSE,FO,sell,25,157,753515089,"2021-03-16 13:22:06.000"
76,BANKNIFTY2131834300PE,"2021-03-16",NSE,FO,buy,25,168,753566349,"2021-03-16 13:25:44.000"
76,BANKNIFTY2131834300PE,"2021-03-16",NSE,FO,sell,25,171,753632562,"2021-03-16 13:29:55.000"
76,BANKNIFTY2131834300PE,"2021-03-18",NSE,FO,buy,25,198,756571426,"2021-03-18 13:15:06.000"
76,BANKNIFTY2131834300PE,"2021-03-18",NSE,FO,sell,25,171,756356043,"2021-03-18 13:12:39.000"
77,BANKNIFTY2131834400PE,"2021-03-16",NSE,FO,buy,25,196,750952411,"2021-03-16 09:55:42.000"
77,BANKNIFTY2131834400PE,"2021-03-16",NSE,FO,sell,25,188,750986775,"2021-03-16 09:57:32.000"
78,BANKNIFTY2131834500PE,"2021-03-16",NSE,FO,buy,25,192,750184464,"2021-03-16 09:20:53.000"
78,BANKNIFTY2131834500PE,"2021-03-16",NSE,FO,sell,25,220,750217109,"2021-03-16 09:21:30.000"
78,BANKNIFTY2131834500PE,"2021-03-18",NSE,FO,sell,25,190,755734670,"2021-03-18 13:03:25.000"
78,BANKNIFTY2131834500PE,"2021-03-18",NSE,FO,buy,25,180,755682470,"2021-03-18 13:02:12.000"
79,BANKNIFTY2131834600PE,"2021-03-17",NSE,FO,buy,25,215,752871422,"2021-03-17 12:11:28.000"
79,BANKNIFTY2131834600PE,"2021-03-16",NSE,FO,sell,25,194,752061226,"2021-03-16 11:30:27.000"
79,BANKNIFTY2131834600PE,"2021-03-16",NSE,FO,buy,25,198,752046408,"2021-03-16 11:30:04.000"
79,BANKNIFTY2131834600PE,"2021-03-16",NSE,FO,sell,25,182,751900044,"2021-03-16 11:18:28.000"
79,BANKNIFTY2131834600PE,"2021-03-16",NSE,FO,buy,25,178,751882224,"2021-03-16 11:17:55.000"
79,BANKNIFTY2131834600PE,"2021-03-16",NSE,FO,buy,25,197,753087938,"2021-03-16 13:09:58.000"
79,BANKNIFTY2131834600PE,"2021-03-16",NSE,FO,sell,25,201,753100183,"2021-03-16 13:10:09.000"
79,BANKNIFTY2131834600PE,"2021-03-16",NSE,FO,buy,25,233,753183754,"2021-03-16 13:11:54.000"
79,BANKNIFTY2131834600PE,"2021-03-16",NSE,FO,sell,25,250,753263360,"2021-03-16 13:13:35.000"
79,BANKNIFTY2131834600PE,"2021-03-17",NSE,FO,sell,25,225,752907831,"2021-03-17 12:13:43.000"
80,BANKNIFTY2131834800CE,"2021-03-18",NSE,FO,sell,25,120,501617820,"2021-03-18 09:59:22.000"
80,BANKNIFTY2131834800CE,"2021-03-18",NSE,FO,buy,25,125,501548897,"2021-03-18 09:56:06.000"
81,BANKNIFTY2131835500CE,"2021-03-17",NSE,FO,sell,25,150,502053224,"2021-03-17 11:30:04.000"
81,BANKNIFTY2131835500CE,"2021-03-17",NSE,FO,buy,25,138,501900412,"2021-03-17 11:25:48.000"
82,BANKNIFTY2131835800CE,"2021-03-18",NSE,FO,sell,175,3,503427863,"2021-03-18 11:09:40.000"
82,BANKNIFTY2131835800CE,"2021-03-18",NSE,FO,sell,50,3,503427864,"2021-03-18 11:09:40.000"
82,BANKNIFTY2131835800CE,"2021-03-18",NSE,FO,buy,150,4,503268092,"2021-03-18 11:00:14.000"
82,BANKNIFTY2131835800CE,"2021-03-18",NSE,FO,buy,25,4,503267589,"2021-03-18 11:00:11.000"
82,BANKNIFTY2131835800CE,"2021-03-18",NSE,FO,buy,25,4,503267592,"2021-03-18 11:00:11.000"
82,BANKNIFTY2131835800CE,"2021-03-16",NSE,FO,sell,25,187,502310973,"2021-03-16 12:02:21.000"
82,BANKNIFTY2131835800CE,"2021-03-18",NSE,FO,buy,25,4,502934075,"2021-03-18 10:47:30.000"
82,BANKNIFTY2131835800CE,"2021-03-16",NSE,FO,buy,25,186,502278667,"2021-03-16 12:02:04.000"
83,BANKNIFTY2140832300PE,"2021-04-06",NSE,FO,buy,25,296,751362522,"2021-04-06 10:18:26.000"
83,BANKNIFTY2140832300PE,"2021-04-06",NSE,FO,buy,25,323,751408066,"2021-04-06 10:20:25.000"
83,BANKNIFTY2140832300PE,"2021-04-06",NSE,FO,sell,25,275,751382395,"2021-04-06 10:19:13.000"
83,BANKNIFTY2140832300PE,"2021-04-06",NSE,FO,sell,25,301,751429478,"2021-04-06 10:21:10.000"
84,BANKNIFTY2140832800CE,"2021-04-08",NSE,FO,buy,25,150,510847733,"2021-04-08 14:40:58.000"
84,BANKNIFTY2140832800CE,"2021-04-08",NSE,FO,sell,25,150,510761503,"2021-04-08 14:39:50.000"
84,BANKNIFTY2140832800CE,"2021-04-08",NSE,FO,buy,25,110,510655676,"2021-04-08 14:38:20.000"
84,BANKNIFTY2140832800CE,"2021-04-08",NSE,FO,sell,25,122,511122338,"2021-04-08 14:45:07.000"
84,BANKNIFTY2140832800CE,"2021-04-08",NSE,FO,buy,25,150,511092060,"2021-04-08 14:44:47.000"
84,BANKNIFTY2140832800CE,"2021-04-08",NSE,FO,sell,25,131,510880390,"2021-04-08 14:41:31.000"
85,BANKNIFTY2140832900PE,"2021-04-08",NSE,FO,sell,25,64,761318678,"2021-04-08 14:48:18.000"
85,BANKNIFTY2140832900PE,"2021-04-08",NSE,FO,buy,25,70,760932569,"2021-04-08 14:42:19.000"
85,BANKNIFTY2140832900PE,"2021-04-08",NSE,FO,sell,25,71,761499925,"2021-04-08 14:51:45.000"
85,BANKNIFTY2140832900PE,"2021-04-08",NSE,FO,sell,25,57,760982842,"2021-04-08 14:43:16.000"
85,BANKNIFTY2140832900PE,"2021-04-08",NSE,FO,buy,25,65,761165658,"2021-04-08 14:46:09.000"
85,BANKNIFTY2140832900PE,"2021-04-08",NSE,FO,sell,25,130,762192217,"2021-04-08 15:01:33.000"
85,BANKNIFTY2140832900PE,"2021-04-08",NSE,FO,buy,25,164,762002640,"2021-04-08 15:00:06.000"
85,BANKNIFTY2140832900PE,"2021-04-08",NSE,FO,sell,25,66,761865002,"2021-04-08 14:58:45.000"
85,BANKNIFTY2140832900PE,"2021-04-08",NSE,FO,buy,25,84,761788942,"2021-04-08 14:57:25.000"
85,BANKNIFTY2140832900PE,"2021-04-08",NSE,FO,buy,25,67,761343134,"2021-04-08 14:48:44.000"
85,BANKNIFTY2140832900PE,"2021-04-08",NSE,FO,sell,25,128,760481600,"2021-04-08 14:36:51.000"
85,BANKNIFTY2140832900PE,"2021-04-08",NSE,FO,buy,25,114,760200476,"2021-04-08 14:34:35.000"
86,BANKNIFTY2140833000CE,"2021-04-07",NSE,FO,sell,25,344,504432634,"2021-04-07 12:47:11.000"
86,BANKNIFTY2140833000CE,"2021-04-07",NSE,FO,buy,25,380,504242602,"2021-04-07 12:31:00.000"
86,BANKNIFTY2140833000CE,"2021-04-07",NSE,FO,sell,25,364,503956865,"2021-04-07 12:11:22.000"
86,BANKNIFTY2140833000CE,"2021-04-07",NSE,FO,buy,25,394,503776956,"2021-04-07 12:06:12.000"
87,BANKNIFTY2140833000PE,"2021-04-08",NSE,FO,buy,25,227,762753293,"2021-04-08 15:10:21.000"
87,BANKNIFTY2140833000PE,"2021-04-08",NSE,FO,sell,25,221,762791528,"2021-04-08 15:10:53.000"
87,BANKNIFTY2140833000PE,"2021-04-08",NSE,FO,buy,25,237,762965593,"2021-04-08 15:14:10.000"
87,BANKNIFTY2140833000PE,"2021-04-08",NSE,FO,buy,25,220,762451772,"2021-04-08 15:04:52.000"
87,BANKNIFTY2140833000PE,"2021-04-08",NSE,FO,sell,25,188,762539365,"2021-04-08 15:06:11.000"
87,BANKNIFTY2140833000PE,"2021-04-08",NSE,FO,sell,25,250,762987278,"2021-04-08 15:14:26.000"
88,BANKNIFTY2140833200CE,"2021-04-08",NSE,FO,sell,25,33,509665311,"2021-04-08 14:28:09.000"
88,BANKNIFTY2140833200CE,"2021-04-08",NSE,FO,buy,25,40,509548114,"2021-04-08 14:24:53.000"
89,BANKNIFTY2140833300PE,"2021-04-08",NSE,FO,buy,25,270,759269055,"2021-04-08 14:19:34.000"
89,BANKNIFTY2140833300PE,"2021-04-08",NSE,FO,sell,25,242,759344244,"2021-04-08 14:20:54.000"
89,BANKNIFTY2140833300PE,"2021-04-08",NSE,FO,sell,25,343,759859757,"2021-04-08 14:31:44.000"
89,BANKNIFTY2140833300PE,"2021-04-08",NSE,FO,buy,25,369,759999261,"2021-04-08 14:33:13.000"
89,BANKNIFTY2140833300PE,"2021-04-08",NSE,FO,sell,25,416,760071337,"2021-04-08 14:33:45.000"
89,BANKNIFTY2140833300PE,"2021-04-08",NSE,FO,buy,25,427,760104758,"2021-04-08 14:33:59.000"
89,BANKNIFTY2140833300PE,"2021-04-08",NSE,FO,sell,25,443,760169063,"2021-04-08 14:34:21.000"
89,BANKNIFTY2140833300PE,"2021-04-08",NSE,FO,buy,25,315,759708809,"2021-04-08 14:30:09.000"
89,BANKNIFTY2140833300PE,"2021-04-08",NSE,FO,sell,25,347,759778420,"2021-04-08 14:31:00.000"
89,BANKNIFTY2140833300PE,"2021-04-08",NSE,FO,buy,25,370,759844888,"2021-04-08 14:31:36.000"
90,BANKNIFTY2140833500CE,"2021-04-06",NSE,FO,sell,25,257,500986082,"2021-04-06 09:40:39.000"
90,BANKNIFTY2140833500CE,"2021-04-06",NSE,FO,buy,25,278,500882285,"2021-04-06 09:38:17.000"
91,BANKNIFTY2141529800PE,"2021-04-13",NSE,FO,sell,25,103,750032562,"2021-04-13 09:15:46.000"
91,BANKNIFTY2141529800PE,"2021-04-12",NSE,FO,buy,25,165,754102594,"2021-04-12 15:29:33.000"
92,BANKNIFTY2141530000PE,"2021-04-12",NSE,FO,sell,25,192,754083893,"2021-04-12 15:27:06.000"
92,BANKNIFTY2141530000PE,"2021-04-12",NSE,FO,buy,25,249,753578303,"2021-04-12 14:35:52.000"
93,BANKNIFTY2141530500PE,"2021-04-12",NSE,FO,sell,25,384,753860211,"2021-04-12 15:03:54.000"
93,BANKNIFTY2141530500PE,"2021-04-12",NSE,FO,buy,25,400,753753251,"2021-04-12 14:50:46.000"
94,BANKNIFTY2141530700PE,"2021-04-12",NSE,FO,sell,25,438,752795580,"2021-04-12 12:42:53.000"
94,BANKNIFTY2141530700PE,"2021-04-12",NSE,FO,buy,25,446,752634989,"2021-04-12 12:17:27.000"
94,BANKNIFTY2141530700PE,"2021-04-12",NSE,FO,buy,25,460,752885342,"2021-04-12 12:56:52.000"
94,BANKNIFTY2141530700PE,"2021-04-12",NSE,FO,buy,25,465,753168365,"2021-04-12 13:39:31.000"
94,BANKNIFTY2141530700PE,"2021-04-12",NSE,FO,sell,25,450,753109574,"2021-04-12 13:30:07.000"
94,BANKNIFTY2141530700PE,"2021-04-12",NSE,FO,sell,25,492,753692293,"2021-04-12 14:45:15.000"
95,BANKNIFTY2141530800PE,"2021-04-12",NSE,FO,buy,25,470,752265345,"2021-04-12 11:56:36.000"
95,BANKNIFTY2141530800PE,"2021-04-12",NSE,FO,sell,25,503,752595794,"2021-04-12 12:14:16.000"
96,BANKNIFTY2141530900PE,"2021-04-12",NSE,FO,sell,25,376,751718773,"2021-04-12 11:11:08.000"
96,BANKNIFTY2141530900PE,"2021-04-12",NSE,FO,buy,25,410,751750411,"2021-04-12 11:14:35.000"
96,BANKNIFTY2141530900PE,"2021-04-12",NSE,FO,sell,25,399,751792971,"2021-04-12 11:18:48.000"
96,BANKNIFTY2141530900PE,"2021-04-12",NSE,FO,buy,25,415,751811763,"2021-04-12 11:21:27.000"
96,BANKNIFTY2141530900PE,"2021-04-12",NSE,FO,sell,25,450,751880268,"2021-04-12 11:28:13.000"
96,BANKNIFTY2141530900PE,"2021-04-12",NSE,FO,buy,25,470,751920897,"2021-04-12 11:30:15.000"
96,BANKNIFTY2141530900PE,"2021-04-12",NSE,FO,buy,25,377,751665974,"2021-04-12 11:05:25.000"
96,BANKNIFTY2141530900PE,"2021-04-12",NSE,FO,buy,25,525,752230364,"2021-04-12 11:54:54.000"
96,BANKNIFTY2141530900PE,"2021-04-12",NSE,FO,sell,25,545,752248009,"2021-04-12 11:55:45.000"
96,BANKNIFTY2141530900PE,"2021-04-12",NSE,FO,sell,25,525,752113684,"2021-04-12 11:44:30.000"
96,BANKNIFTY2141530900PE,"2021-04-12",NSE,FO,buy,25,475,752191538,"2021-04-12 11:51:20.000"
96,BANKNIFTY2141530900PE,"2021-04-12",NSE,FO,sell,25,500,752198314,"2021-04-12 11:52:17.000"
97,BANKNIFTY2141531000CE,"2021-04-13",NSE,FO,buy,25,403,502939146,"2021-04-13 12:20:57.000"
97,BANKNIFTY2141531000CE,"2021-04-13",NSE,FO,sell,25,396,502953561,"2021-04-13 12:23:12.000"
97,BANKNIFTY2141531000CE,"2021-04-13",NSE,FO,buy,25,420,502974910,"2021-04-13 12:24:53.000"
97,BANKNIFTY2141531000CE,"2021-04-13",NSE,FO,sell,25,433,503020701,"2021-04-13 12:30:11.000"
97,BANKNIFTY2141531000CE,"2021-04-13",NSE,FO,buy,25,400,502922256,"2021-04-13 12:18:33.000"
97,BANKNIFTY2141531000CE,"2021-04-13",NSE,FO,buy,25,448,503049487,"2021-04-13 12:31:28.000"
97,BANKNIFTY2141531000CE,"2021-04-13",NSE,FO,sell,25,405,502933455,"2021-04-13 12:19:39.000"
97,BANKNIFTY2141531000CE,"2021-04-13",NSE,FO,sell,25,440,503063046,"2021-04-13 12:32:16.000"
98,BANKNIFTY2141531000PE,"2021-04-12",NSE,FO,buy,25,426,750226719,"2021-04-12 09:20:14.000"
98,BANKNIFTY2141531000PE,"2021-04-12",NSE,FO,buy,25,553,750694333,"2021-04-12 09:35:41.000"
98,BANKNIFTY2141531000PE,"2021-04-12",NSE,FO,sell,25,533,750702320,"2021-04-12 09:36:04.000"
98,BANKNIFTY2141531000PE,"2021-04-12",NSE,FO,sell,25,580,750576513,"2021-04-12 09:31:37.000"
98,BANKNIFTY2141531000PE,"2021-04-12",NSE,FO,buy,25,444,750452222,"2021-04-12 09:28:26.000"
98,BANKNIFTY2141531000PE,"2021-04-12",NSE,FO,sell,25,400,750385450,"2021-04-12 09:25:13.000"
99,BANKNIFTY2141531200CE,"2021-04-13",NSE,FO,buy,25,320,503092524,"2021-04-13 12:35:37.000"
99,BANKNIFTY2141531200CE,"2021-04-13",NSE,FO,sell,25,309,503121809,"2021-04-13 12:38:22.000"
99,BANKNIFTY2141531200CE,"2021-04-13",NSE,FO,sell,25,542,504624823,"2021-04-13 13:59:28.000"
99,BANKNIFTY2141531200CE,"2021-04-13",NSE,FO,buy,25,435,504118895,"2021-04-13 13:48:46.000"
99,BANKNIFTY2141531200CE,"2021-04-13",NSE,FO,sell,25,350,503229758,"2021-04-13 12:48:13.000"
99,BANKNIFTY2141531200CE,"2021-04-13",NSE,FO,buy,25,342,503204215,"2021-04-13 12:46:21.000"
100,BANKNIFTY2141531200PE,"2021-04-12",NSE,FO,sell,25,445,750096316,"2021-04-12 09:17:03.000"
100,BANKNIFTY2141531200PE,"2021-04-13",NSE,FO,sell,25,271,753476967,"2021-04-13 13:35:48.000"
100,BANKNIFTY2141531200PE,"2021-04-13",NSE,FO,buy,25,320,753191477,"2021-04-13 13:08:30.000"
100,BANKNIFTY2141531200PE,"2021-04-12",NSE,FO,buy,25,430,750047936,"2021-04-12 09:15:57.000"
101,BANKNIFTY2141531500CE,"2021-04-13",NSE,FO,buy,25,376,505323229,"2021-04-13 14:23:30.000"
101,BANKNIFTY2141531500CE,"2021-04-13",NSE,FO,sell,25,366,505351112,"2021-04-13 14:25:17.000"
101,BANKNIFTY2141531500CE,"2021-04-13",NSE,FO,buy,25,396,505387521,"2021-04-13 14:27:32.000"
101,BANKNIFTY2141531500CE,"2021-04-13",NSE,FO,sell,25,450,505488663,"2021-04-13 14:31:13.000"
101,BANKNIFTY2141531500CE,"2021-04-13",NSE,FO,buy,25,350,504709564,"2021-04-13 14:01:35.000"
101,BANKNIFTY2141531500CE,"2021-04-13",NSE,FO,sell,25,317,504786012,"2021-04-13 14:04:59.000"
101,BANKNIFTY2141531500CE,"2021-04-13",NSE,FO,sell,25,360,504945812,"2021-04-13 14:09:33.000"
101,BANKNIFTY2141531500CE,"2021-04-15",NSE,FO,buy,25,329,505533796,"2021-04-15 11:50:22.000"
101,BANKNIFTY2141531500CE,"2021-04-15",NSE,FO,sell,25,297,505480194,"2021-04-15 11:49:12.000"
101,BANKNIFTY2141531500CE,"2021-04-15",NSE,FO,sell,25,360,505581638,"2021-04-15 11:50:52.000"
101,BANKNIFTY2141531500CE,"2021-04-15",NSE,FO,buy,25,325,505452404,"2021-04-15 11:48:38.000"
101,BANKNIFTY2141531500CE,"2021-04-15",NSE,FO,sell,25,215,505048997,"2021-04-15 11:39:48.000"
101,BANKNIFTY2141531500CE,"2021-04-15",NSE,FO,buy,25,208,505034254,"2021-04-15 11:39:13.000"
101,BANKNIFTY2141531500CE,"2021-04-13",NSE,FO,sell,25,384,505206656,"2021-04-13 14:17:20.000"
101,BANKNIFTY2141531500CE,"2021-04-13",NSE,FO,buy,25,397,504981248,"2021-04-13 14:10:33.000"
101,BANKNIFTY2141531500CE,"2021-04-13",NSE,FO,buy,25,340,504861078,"2021-04-13 14:08:10.000"
102,BANKNIFTY2141531500PE,"2021-04-15",NSE,FO,buy,25,185,754359022,"2021-04-15 11:02:02.000"
102,BANKNIFTY2141531500PE,"2021-04-15",NSE,FO,buy,25,209,754737969,"2021-04-15 11:12:02.000"
102,BANKNIFTY2141531500PE,"2021-04-15",NSE,FO,sell,25,189,755061938,"2021-04-15 11:20:08.000"
102,BANKNIFTY2141531500PE,"2021-04-15",NSE,FO,buy,25,236,754901319,"2021-04-15 11:15:10.000"
102,BANKNIFTY2141531500PE,"2021-04-15",NSE,FO,sell,25,210,754781705,"2021-04-15 11:12:45.000"
102,BANKNIFTY2141531500PE,"2021-04-15",NSE,FO,sell,25,160,754541956,"2021-04-15 11:07:24.000"
103,BANKNIFTY2141531600CE,"2021-04-13",NSE,FO,buy,25,373,505520536,"2021-04-13 14:32:26.000"
103,BANKNIFTY2141531600CE,"2021-04-13",NSE,FO,buy,25,392,505636227,"2021-04-13 14:38:24.000"
103,BANKNIFTY2141531600CE,"2021-04-13",NSE,FO,sell,50,420,505671004,"2021-04-13 14:38:58.000"
103,BANKNIFTY2141531600CE,"2021-04-13",NSE,FO,buy,25,465,505701102,"2021-04-13 14:39:15.000"
103,BANKNIFTY2141531600CE,"2021-04-13",NSE,FO,sell,25,463,505752959,"2021-04-13 14:40:00.000"
104,BANKNIFTY2141531700CE,"2021-04-13",NSE,FO,sell,25,298,506688065,"2021-04-13 15:22:09.000"
104,BANKNIFTY2141531700CE,"2021-04-13",NSE,FO,buy,25,340,506553233,"2021-04-13 15:14:03.000"
105,BANKNIFTY2141531700PE,"2021-04-13",NSE,FO,buy,25,262,755740233,"2021-04-13 15:14:10.000"
105,BANKNIFTY2141531700PE,"2021-04-13",NSE,FO,sell,25,268,755857526,"2021-04-13 15:22:09.000"
106,BANKNIFTY2141531800CE,"2021-04-15",NSE,FO,sell,25,297,500477195,"2021-04-15 09:22:21.000"
106,BANKNIFTY2141531800CE,"2021-04-15",NSE,FO,sell,25,350,500620219,"2021-04-15 09:25:03.000"
106,BANKNIFTY2141531800CE,"2021-04-15",NSE,FO,buy,25,339,500570412,"2021-04-15 09:24:08.000"
106,BANKNIFTY2141531800CE,"2021-04-15",NSE,FO,buy,25,366,500212888,"2021-04-15 09:17:41.000"
106,BANKNIFTY2141531800CE,"2021-04-15",NSE,FO,buy,25,383,500264184,"2021-04-15 09:18:21.000"
106,BANKNIFTY2141531800CE,"2021-04-15",NSE,FO,buy,25,256,506480393,"2021-04-15 12:10:54.000"
106,BANKNIFTY2141531800CE,"2021-04-15",NSE,FO,sell,25,261,506541212,"2021-04-15 12:11:54.000"
106,BANKNIFTY2141531800CE,"2021-04-15",NSE,FO,sell,25,298,500477194,"2021-04-15 09:22:21.000"
106,BANKNIFTY2141531800CE,"2021-04-15",NSE,FO,buy,25,200,505689314,"2021-04-15 11:51:47.000"
106,BANKNIFTY2141531800CE,"2021-04-15",NSE,FO,sell,25,170,505788753,"2021-04-15 11:53:31.000"
106,BANKNIFTY2141531800CE,"2021-04-15",NSE,FO,buy,25,210,505870133,"2021-04-15 11:55:05.000"
106,BANKNIFTY2141531800CE,"2021-04-15",NSE,FO,sell,25,190,505885781,"2021-04-15 11:55:20.000"
106,BANKNIFTY2141531800CE,"2021-04-13",NSE,FO,buy,25,295,506462993,"2021-04-13 15:09:28.000"
106,BANKNIFTY2141531800CE,"2021-04-13",NSE,FO,sell,25,300,506499910,"2021-04-13 15:11:13.000"
107,BANKNIFTY2141531800PE,"2021-04-09",NSE,FO,buy,25,349,750013238,"2021-04-09 09:15:15.000"
107,BANKNIFTY2141531800PE,"2021-04-15",NSE,FO,sell,25,230,752357798,"2021-04-15 09:59:47.000"
107,BANKNIFTY2141531800PE,"2021-04-15",NSE,FO,buy,25,244,752106955,"2021-04-15 09:51:34.000"
107,BANKNIFTY2141531800PE,"2021-04-09",NSE,FO,sell,25,299,750067466,"2021-04-09 09:17:11.000"
107,BANKNIFTY2141531800PE,"2021-04-15",NSE,FO,sell,25,240,752074817,"2021-04-15 09:50:48.000"
107,BANKNIFTY2141531800PE,"2021-04-15",NSE,FO,buy,25,230,751973552,"2021-04-15 09:47:44.000"
108,BANKNIFTY2141531900CE,"2021-04-13",NSE,FO,sell,25,202,506234881,"2021-04-13 14:56:30.000"
108,BANKNIFTY2141531900CE,"2021-04-13",NSE,FO,sell,25,281,505835231,"2021-04-13 14:41:23.000"
108,BANKNIFTY2141531900CE,"2021-04-13",NSE,FO,buy,25,219,506210362,"2021-04-13 14:55:12.000"
108,BANKNIFTY2141531900CE,"2021-04-13",NSE,FO,sell,25,238,506075993,"2021-04-13 14:50:21.000"
108,BANKNIFTY2141531900CE,"2021-04-13",NSE,FO,sell,25,238,506075992,"2021-04-13 14:50:21.000"
108,BANKNIFTY2141531900CE,"2021-04-13",NSE,FO,sell,25,275,506029431,"2021-04-13 14:48:17.000"
108,BANKNIFTY2141531900CE,"2021-04-13",NSE,FO,buy,25,292,505889598,"2021-04-13 14:43:10.000"
108,BANKNIFTY2141531900CE,"2021-04-13",NSE,FO,buy,25,290,505886715,"2021-04-13 14:43:06.000"
108,BANKNIFTY2141531900CE,"2021-04-13",NSE,FO,buy,25,273,505862283,"2021-04-13 14:42:16.000"
108,BANKNIFTY2141531900CE,"2021-04-13",NSE,FO,sell,25,281,505835232,"2021-04-13 14:41:23.000"
108,BANKNIFTY2141531900CE,"2021-04-13",NSE,FO,buy,50,295,505791083,"2021-04-13 14:40:35.000"
108,BANKNIFTY2141531900CE,"2021-04-13",NSE,FO,sell,75,235,506314631,"2021-04-13 15:00:51.000"
108,BANKNIFTY2141531900CE,"2021-04-13",NSE,FO,buy,25,248,506302082,"2021-04-13 15:00:25.000"
108,BANKNIFTY2141531900CE,"2021-04-13",NSE,FO,buy,25,248,506302083,"2021-04-13 15:00:25.000"
108,BANKNIFTY2141531900CE,"2021-04-13",NSE,FO,buy,25,212,506258785,"2021-04-13 14:58:22.000"
108,BANKNIFTY2141531900CE,"2021-04-13",NSE,FO,sell,25,202,506234880,"2021-04-13 14:56:30.000"
108,BANKNIFTY2141531900CE,"2021-04-13",NSE,FO,buy,25,219,506210363,"2021-04-13 14:55:12.000"
109,BANKNIFTY2141531900PE,"2021-04-15",NSE,FO,sell,25,320,751710985,"2021-04-15 09:41:17.000"
109,BANKNIFTY2141531900PE,"2021-04-15",NSE,FO,buy,25,230,751192985,"2021-04-15 09:35:19.000"
109,BANKNIFTY2141531900PE,"2021-04-15",NSE,FO,sell,25,260,751237114,"2021-04-15 09:35:44.000"
109,BANKNIFTY2141531900PE,"2021-04-15",NSE,FO,buy,25,349,751312740,"2021-04-15 09:36:22.000"
109,BANKNIFTY2141531900PE,"2021-04-15",NSE,FO,sell,25,328,751335838,"2021-04-15 09:36:33.000"
109,BANKNIFTY2141531900PE,"2021-04-15",NSE,FO,buy,25,377,751554396,"2021-04-15 09:39:25.000"
110,BANKNIFTY2141532000CE,"2021-04-15",NSE,FO,sell,25,160,511403765,"2021-04-15 14:13:15.000"
110,BANKNIFTY2141532000CE,"2021-04-15",NSE,FO,buy,25,170,510959028,"2021-04-15 14:06:04.000"
110,BANKNIFTY2141532000CE,"2021-04-15",NSE,FO,sell,25,95,509925378,"2021-04-15 13:46:26.000"
110,BANKNIFTY2141532000CE,"2021-04-15",NSE,FO,buy,25,140,509859173,"2021-04-15 13:45:26.000"
111,BANKNIFTY2141532100PE,"2021-04-09",NSE,FO,sell,25,325,752594430,"2021-04-09 14:01:56.000"
111,BANKNIFTY2141532100PE,"2021-04-09",NSE,FO,buy,25,310,752508691,"2021-04-09 13:55:56.000"
111,BANKNIFTY2141532100PE,"2021-04-09",NSE,FO,sell,25,302,752486139,"2021-04-09 13:53:33.000"
111,BANKNIFTY2141532100PE,"2021-04-09",NSE,FO,buy,25,310,752377928,"2021-04-09 13:46:26.000"
112,BANKNIFTY2141533000CE,"2021-04-09",NSE,FO,sell,25,375,500470738,"2021-04-09 09:43:28.000"
112,BANKNIFTY2141533000CE,"2021-04-09",NSE,FO,buy,25,370,500436947,"2021-04-09 09:40:34.000"
112,BANKNIFTY2141533000CE,"2021-04-09",NSE,FO,sell,25,365,500414157,"2021-04-09 09:39:29.000"
112,BANKNIFTY2141533000CE,"2021-04-09",NSE,FO,buy,25,355,500405623,"2021-04-09 09:38:49.000"
113,BANKNIFTY2141533200CE,"2021-04-09",NSE,FO,sell,25,283,500559565,"2021-04-09 09:47:29.000"
113,BANKNIFTY2141533200CE,"2021-04-09",NSE,FO,buy,25,315,500512217,"2021-04-09 09:45:08.000"
114,BANKNIFTY2142230500PE,"2021-04-19",NSE,FO,buy,25,566,750934678,"2021-04-19 09:46:32.000"
114,BANKNIFTY2142230500PE,"2021-04-19",NSE,FO,sell,25,448,751187042,"2021-04-19 10:09:09.000"
115,BANKNIFTY2142231300CE,"2021-04-22",NSE,FO,sell,25,201,505202860,"2021-04-22 11:55:17.000"
115,BANKNIFTY2142231300CE,"2021-04-22",NSE,FO,sell,25,239,506109494,"2021-04-22 12:20:06.000"
115,BANKNIFTY2142231300CE,"2021-04-22",NSE,FO,buy,25,252,506002110,"2021-04-22 12:18:01.000"
115,BANKNIFTY2142231300CE,"2021-04-22",NSE,FO,sell,25,240,505835737,"2021-04-22 12:14:50.000"
115,BANKNIFTY2142231300CE,"2021-04-22",NSE,FO,buy,25,221,505804815,"2021-04-22 12:14:27.000"
115,BANKNIFTY2142231300CE,"2021-04-22",NSE,FO,buy,25,220,505166568,"2021-04-22 11:54:34.000"
116,BANKNIFTY2142231300PE,"2021-04-22",NSE,FO,sell,25,230,755001821,"2021-04-22 12:03:53.000"
116,BANKNIFTY2142231300PE,"2021-04-22",NSE,FO,buy,25,216,754932190,"2021-04-22 12:01:05.000"
117,BANKNIFTY2142231400CE,"2021-04-22",NSE,FO,sell,25,175,509137725,"2021-04-22 13:48:05.000"
117,BANKNIFTY2142231400CE,"2021-04-22",NSE,FO,sell,25,177,509395457,"2021-04-22 13:55:20.000"
117,BANKNIFTY2142231400CE,"2021-04-22",NSE,FO,buy,25,196,509385747,"2021-04-22 13:55:10.000"
117,BANKNIFTY2142231400CE,"2021-04-22",NSE,FO,buy,25,194,509117923,"2021-04-22 13:47:32.000"
117,BANKNIFTY2142231400CE,"2021-04-22",NSE,FO,sell,25,142,508616872,"2021-04-22 13:33:02.000"
117,BANKNIFTY2142231400CE,"2021-04-22",NSE,FO,buy,25,142,508611957,"2021-04-22 13:32:52.000"
117,BANKNIFTY2142231400CE,"2021-04-22",NSE,FO,buy,25,166,508040182,"2021-04-22 13:18:52.000"
117,BANKNIFTY2142231400CE,"2021-04-22",NSE,FO,sell,25,180,508307615,"2021-04-22 13:25:24.000"
117,BANKNIFTY2142231400CE,"2021-04-22",NSE,FO,buy,25,203,508229357,"2021-04-22 13:23:23.000"
117,BANKNIFTY2142231400CE,"2021-04-22",NSE,FO,sell,25,176,508104074,"2021-04-22 13:19:53.000"
117,BANKNIFTY2142231400CE,"2021-04-22",NSE,FO,buy,25,199,508088787,"2021-04-22 13:19:34.000"
117,BANKNIFTY2142231400CE,"2021-04-22",NSE,FO,sell,25,181,508049964,"2021-04-22 13:19:01.000"
118,BANKNIFTY2142231400PE,"2021-04-22",NSE,FO,buy,25,98,758852092,"2021-04-22 13:55:39.000"
118,BANKNIFTY2142231400PE,"2021-04-22",NSE,FO,sell,25,98,758875692,"2021-04-22 13:56:14.000"
119,BANKNIFTY2142231500CE,"2021-04-22",NSE,FO,buy,25,185,510227717,"2021-04-22 14:14:10.000"
119,BANKNIFTY2142231500CE,"2021-04-22",NSE,FO,sell,25,190,510276367,"2021-04-22 14:15:03.000"
119,BANKNIFTY2142231500CE,"2021-04-22",NSE,FO,buy,25,181,511335066,"2021-04-22 14:34:44.000"
119,BANKNIFTY2142231500CE,"2021-04-22",NSE,FO,sell,25,185,511810606,"2021-04-22 14:43:52.000"
120,BANKNIFTY2142231500PE,"2021-04-22",NSE,FO,buy,25,210,757900068,"2021-04-22 13:30:11.000"
120,BANKNIFTY2142231500PE,"2021-04-22",NSE,FO,sell,25,220,757950615,"2021-04-22 13:30:36.000"
121,BANKNIFTY2142231600CE,"2021-04-22",NSE,FO,sell,25,171,513789172,"2021-04-22 15:16:14.000"
121,BANKNIFTY2142231600CE,"2021-04-22",NSE,FO,buy,25,203,513532489,"2021-04-22 15:11:18.000"
122,BANKNIFTY2142232100CE,"2021-04-15",NSE,FO,buy,25,634,876326391,"2021-04-15 15:01:33.000"
122,BANKNIFTY2142232100CE,"2021-04-15",NSE,FO,sell,25,665,876518131,"2021-04-15 15:29:33.000"
122,BANKNIFTY2142232100CE,"2021-04-16",NSE,FO,buy,25,680,500025807,"2021-04-16 09:15:35.000"
122,BANKNIFTY2142232100CE,"2021-04-16",NSE,FO,sell,25,620,500105097,"2021-04-16 09:18:22.000"
123,BANKNIFTY2160334700PE,"2021-06-02",NSE,FO,sell,25,50,752615628,"2021-06-02 12:22:59.000"
123,BANKNIFTY2160334700PE,"2021-06-02",NSE,FO,buy,25,52,752606567,"2021-06-02 12:22:26.000"
124,BANKNIFTY2160335000PE,"2021-06-03",NSE,FO,sell,25,16,751420848,"2021-06-03 09:56:00.000"
124,BANKNIFTY2160335000PE,"2021-06-03",NSE,FO,buy,25,14,751076619,"2021-06-03 09:41:26.000"
124,BANKNIFTY2160335000PE,"2021-05-28",NSE,FO,sell,25,406,752920444,"2021-05-28 14:50:36.000"
124,BANKNIFTY2160335000PE,"2021-05-28",NSE,FO,buy,25,436,752882694,"2021-05-28 14:48:17.000"
124,BANKNIFTY2160335000PE,"2021-05-28",NSE,FO,sell,25,356,752594897,"2021-05-28 14:14:41.000"
124,BANKNIFTY2160335000PE,"2021-05-28",NSE,FO,buy,25,370,752583340,"2021-05-28 14:13:10.000"
125,BANKNIFTY2160335400CE,"2021-06-01",NSE,FO,buy,25,334,501910638,"2021-06-01 10:35:54.000"
125,BANKNIFTY2160335400CE,"2021-06-01",NSE,FO,sell,25,323,501941702,"2021-06-01 10:38:53.000"
125,BANKNIFTY2160335400CE,"2021-06-01",NSE,FO,buy,25,311,502130250,"2021-06-01 10:54:28.000"
125,BANKNIFTY2160335400CE,"2021-06-01",NSE,FO,sell,25,302,502144321,"2021-06-01 10:56:06.000"
125,BANKNIFTY2160335400CE,"2021-06-01",NSE,FO,sell,25,330,501835475,"2021-06-01 10:30:48.000"
125,BANKNIFTY2160335400CE,"2021-06-01",NSE,FO,buy,25,341,501743073,"2021-06-01 10:27:10.000"
125,BANKNIFTY2160335400CE,"2021-05-31",NSE,FO,sell,25,370,501375301,"2021-05-31 10:16:12.000"
125,BANKNIFTY2160335400CE,"2021-05-31",NSE,FO,buy,25,378,501284644,"2021-05-31 10:12:14.000"
126,BANKNIFTY2160335400PE,"2021-06-01",NSE,FO,sell,25,360,751466265,"2021-06-01 10:20:23.000"
126,BANKNIFTY2160335400PE,"2021-06-01",NSE,FO,sell,25,313,751815508,"2021-06-01 10:35:32.000"
126,BANKNIFTY2160335400PE,"2021-06-01",NSE,FO,buy,25,323,751793542,"2021-06-01 10:33:14.000"
126,BANKNIFTY2160335400PE,"2021-06-01",NSE,FO,sell,25,360,751590747,"2021-06-01 10:23:32.000"
126,BANKNIFTY2160335400PE,"2021-06-01",NSE,FO,buy,25,387,751550351,"2021-06-01 10:22:29.000"
126,BANKNIFTY2160335400PE,"2021-06-01",NSE,FO,buy,25,320,751376363,"2021-06-01 10:17:03.000"
127,BANKNIFTY2160335500CE,"2021-05-31",NSE,FO,sell,25,365,503938028,"2021-05-31 14:16:14.000"
127,BANKNIFTY2160335500CE,"2021-06-03",NSE,FO,sell,25,125,501756439,"2021-06-03 10:04:35.000"
127,BANKNIFTY2160335500CE,"2021-06-03",NSE,FO,buy,25,150,502024450,"2021-06-03 10:20:32.000"
127,BANKNIFTY2160335500CE,"2021-06-03",NSE,FO,sell,25,71,505567806,"2021-06-03 13:26:29.000"
127,BANKNIFTY2160335500CE,"2021-06-03",NSE,FO,buy,25,112,505955343,"2021-06-03 13:35:28.000"
127,BANKNIFTY2160335500CE,"2021-06-03",NSE,FO,sell,25,128,506435856,"2021-06-03 13:46:01.000"
127,BANKNIFTY2160335500CE,"2021-06-03",NSE,FO,buy,25,157,506604093,"2021-06-03 13:50:38.000"
127,BANKNIFTY2160335500CE,"2021-05-31",NSE,FO,buy,25,383,503825293,"2021-05-31 14:09:47.000"
128,BANKNIFTY2160335500PE,"2021-06-01",NSE,FO,sell,25,317,750962155,"2021-06-01 10:01:02.000"
128,BANKNIFTY2160335500PE,"2021-06-01",NSE,FO,buy,25,340,751136863,"2021-06-01 10:07:35.000"
128,BANKNIFTY2160335500PE,"2021-06-01",NSE,FO,sell,25,350,751298187,"2021-06-01 10:13:20.000"
128,BANKNIFTY2160335500PE,"2021-06-01",NSE,FO,buy,25,316,750884005,"2021-06-01 09:59:19.000"
128,BANKNIFTY2160335500PE,"2021-06-01",NSE,FO,sell,25,281,750801418,"2021-06-01 09:55:50.000"
128,BANKNIFTY2160335500PE,"2021-06-01",NSE,FO,buy,25,248,750682872,"2021-06-01 09:50:40.000"
128,BANKNIFTY2160335500PE,"2021-06-01",NSE,FO,sell,25,250,750632802,"2021-06-01 09:46:45.000"
128,BANKNIFTY2160335500PE,"2021-06-01",NSE,FO,buy,25,247,750628905,"2021-06-01 09:46:32.000"
129,BANKNIFTY2160335600CE,"2021-06-03",NSE,FO,buy,50,111,506688675,"2021-06-03 13:51:09.000"
129,BANKNIFTY2160335600CE,"2021-06-03",NSE,FO,sell,25,115,506760388,"2021-06-03 13:51:37.000"
129,BANKNIFTY2160335600CE,"2021-06-03",NSE,FO,sell,25,115,506760389,"2021-06-03 13:51:37.000"
129,BANKNIFTY2160335600CE,"2021-06-03",NSE,FO,sell,25,120,507009709,"2021-06-03 13:55:21.000"
129,BANKNIFTY2160335600CE,"2021-06-03",NSE,FO,buy,25,110,506957745,"2021-06-03 13:54:34.000"
130,BANKNIFTY2160335600PE,"2021-06-01",NSE,FO,buy,25,290,750560489,"2021-06-01 09:40:32.000"
130,BANKNIFTY2160335600PE,"2021-06-01",NSE,FO,sell,25,287,750588576,"2021-06-01 09:43:03.000"
131,BANKNIFTY2160335700PE,"2021-06-01",NSE,FO,sell,25,337,750682877,"2021-06-01 09:50:40.000"
131,BANKNIFTY2160335700PE,"2021-06-01",NSE,FO,buy,25,373,750756680,"2021-06-01 09:54:41.000"
132,BANKNIFTY2160335800PE,"2021-06-03",NSE,FO,buy,25,304,751415783,"2021-06-03 09:55:47.000"
132,BANKNIFTY2160335800PE,"2021-06-03",NSE,FO,sell,25,271,751076823,"2021-06-03 09:41:26.000"
133,BANKNIFTY2160336300CE,"2021-06-03",NSE,FO,buy,25,5,505567532,"2021-06-03 13:26:29.000"
133,BANKNIFTY2160336300CE,"2021-06-03",NSE,FO,sell,25,5,505967966,"2021-06-03 13:35:34.000"
133,BANKNIFTY2160336300CE,"2021-06-03",NSE,FO,buy,25,4,506435767,"2021-06-03 13:46:01.000"
133,BANKNIFTY2160336300CE,"2021-06-03",NSE,FO,sell,25,6,502089585,"2021-06-03 10:23:14.000"
133,BANKNIFTY2160336300CE,"2021-06-03",NSE,FO,sell,25,4,506635715,"2021-06-03 13:50:49.000"
133,BANKNIFTY2160336300CE,"2021-06-03",NSE,FO,buy,25,6,501754280,"2021-06-03 10:04:25.000"
134,BANKNIFTY2160336500CE,"2021-06-03",NSE,FO,sell,25,2,508869653,"2021-06-03 14:28:25.000"
134,BANKNIFTY2160336500CE,"2021-06-03",NSE,FO,buy,25,2,508785307,"2021-06-03 14:27:18.000"
135,BANKNIFTY2161034300PE,"2021-06-10",NSE,FO,sell,25,17,753128282,"2021-06-10 11:05:21.000"
135,BANKNIFTY2161034300PE,"2021-06-10",NSE,FO,buy,25,15,752868238,"2021-06-10 10:52:12.000"
136,BANKNIFTY2161034600CE,"2021-06-10",NSE,FO,sell,25,290,502508913,"2021-06-10 10:16:05.000"
136,BANKNIFTY2161034600CE,"2021-06-10",NSE,FO,buy,25,353,503148389,"2021-06-10 10:44:28.000"
136,BANKNIFTY2161034600CE,"2021-06-10",NSE,FO,sell,25,324,503027056,"2021-06-10 10:37:13.000"
136,BANKNIFTY2161034600CE,"2021-06-10",NSE,FO,buy,25,311,502641980,"2021-06-10 10:23:36.000"
136,BANKNIFTY2161034600CE,"2021-06-10",NSE,FO,buy,25,333,503044811,"2021-06-10 10:38:59.000"
136,BANKNIFTY2161034600CE,"2021-06-10",NSE,FO,sell,25,332,503076454,"2021-06-10 10:40:10.000"
136,BANKNIFTY2161034600CE,"2021-06-10",NSE,FO,sell,25,255,500774401,"2021-06-10 09:26:58.000"
136,BANKNIFTY2161034600CE,"2021-06-10",NSE,FO,buy,25,275,500839502,"2021-06-10 09:27:37.000"
136,BANKNIFTY2161034600CE,"2021-06-10",NSE,FO,sell,25,355,501592286,"2021-06-10 09:43:23.000"
136,BANKNIFTY2161034600CE,"2021-06-10",NSE,FO,buy,25,380,501719883,"2021-06-10 09:47:49.000"
136,BANKNIFTY2161034600CE,"2021-06-10",NSE,FO,sell,25,335,501835108,"2021-06-10 09:52:18.000"
136,BANKNIFTY2161034600CE,"2021-06-10",NSE,FO,buy,25,311,502485642,"2021-06-10 10:15:33.000"
137,BANKNIFTY2161034600PE,"2021-06-09",NSE,FO,buy,25,158,757739177,"2021-06-09 14:46:30.000"
137,BANKNIFTY2161034600PE,"2021-06-09",NSE,FO,sell,25,140,757797310,"2021-06-09 14:47:43.000"
138,BANKNIFTY2161034700CE,"2021-06-09",NSE,FO,buy,25,238,508734303,"2021-06-09 15:29:22.000"
138,BANKNIFTY2161034700CE,"2021-06-09",NSE,FO,sell,25,230,508345967,"2021-06-09 15:14:36.000"
138,BANKNIFTY2161034700CE,"2021-06-09",NSE,FO,buy,25,240,508259828,"2021-06-09 15:12:15.000"
138,BANKNIFTY2161034700CE,"2021-06-09",NSE,FO,sell,25,216,508072295,"2021-06-09 15:05:47.000"
138,BANKNIFTY2161034700CE,"2021-06-09",NSE,FO,buy,25,229,508055886,"2021-06-09 15:05:14.000"
138,BANKNIFTY2161034700CE,"2021-06-09",NSE,FO,sell,25,221,507874723,"2021-06-09 14:55:22.000"
139,BANKNIFTY2161034800CE,"2021-06-10",NSE,FO,buy,25,143,505541095,"2021-06-10 12:46:34.000"
139,BANKNIFTY2161034800CE,"2021-06-10",NSE,FO,buy,25,143,505541096,"2021-06-10 12:46:34.000"
139,BANKNIFTY2161034800CE,"2021-06-10",NSE,FO,sell,25,131,505569771,"2021-06-10 12:47:31.000"
139,BANKNIFTY2161034800CE,"2021-06-10",NSE,FO,sell,25,131,505569772,"2021-06-10 12:47:31.000"
139,BANKNIFTY2161034800CE,"2021-06-10",NSE,FO,buy,25,147,505637490,"2021-06-10 12:51:46.000"
139,BANKNIFTY2161034800CE,"2021-06-10",NSE,FO,sell,25,138,505662135,"2021-06-10 12:53:19.000"
140,BANKNIFTY2161034800PE,"2021-06-10",NSE,FO,buy,100,104,753194776,"2021-06-10 11:06:35.000"
140,BANKNIFTY2161034800PE,"2021-06-10",NSE,FO,sell,25,96,753220848,"2021-06-10 11:07:21.000"
140,BANKNIFTY2161034800PE,"2021-06-10",NSE,FO,sell,75,96,753220849,"2021-06-10 11:07:21.000"
141,BANKNIFTY2161034900CE,"2021-06-10",NSE,FO,sell,25,111,504403335,"2021-06-10 11:49:55.000"
141,BANKNIFTY2161034900CE,"2021-06-10",NSE,FO,sell,25,181,506531239,"2021-06-10 13:21:00.000"
141,BANKNIFTY2161034900CE,"2021-06-10",NSE,FO,sell,50,181,506531238,"2021-06-10 13:21:00.000"
141,BANKNIFTY2161034900CE,"2021-06-10",NSE,FO,sell,25,181,506531240,"2021-06-10 13:21:00.000"
141,BANKNIFTY2161034900CE,"2021-06-10",NSE,FO,sell,25,98,503954048,"2021-06-10 11:26:40.000"
141,BANKNIFTY2161034900CE,"2021-06-10",NSE,FO,buy,25,105,504197595,"2021-06-10 11:43:34.000"
141,BANKNIFTY2161034900CE,"2021-06-10",NSE,FO,buy,100,127,504308201,"2021-06-10 11:45:37.000"
141,BANKNIFTY2161034900CE,"2021-06-10",NSE,FO,sell,75,118,504338160,"2021-06-10 11:46:30.000"
141,BANKNIFTY2161034900CE,"2021-06-10",NSE,FO,sell,25,118,504338161,"2021-06-10 11:46:30.000"
141,BANKNIFTY2161034900CE,"2021-06-10",NSE,FO,sell,25,106,505900855,"2021-06-10 13:03:36.000"
141,BANKNIFTY2161034900CE,"2021-06-10",NSE,FO,buy,25,116,504462443,"2021-06-10 11:54:56.000"
141,BANKNIFTY2161034900CE,"2021-06-10",NSE,FO,sell,25,112,504991889,"2021-06-10 12:23:41.000"
141,BANKNIFTY2161034900CE,"2021-06-10",NSE,FO,buy,25,115,505241793,"2021-06-10 12:36:32.000"
141,BANKNIFTY2161034900CE,"2021-06-10",NSE,FO,buy,50,188,506504524,"2021-06-10 13:20:45.000"
141,BANKNIFTY2161034900CE,"2021-06-10",NSE,FO,buy,25,188,506504523,"2021-06-10 13:20:45.000"
141,BANKNIFTY2161034900CE,"2021-06-10",NSE,FO,buy,25,188,506504522,"2021-06-10 13:20:45.000"
141,BANKNIFTY2161034900CE,"2021-06-10",NSE,FO,buy,25,190,506348358,"2021-06-10 13:19:59.000"
141,BANKNIFTY2161034900CE,"2021-06-10",NSE,FO,buy,25,153,501144266,"2021-06-10 09:32:33.000"
141,BANKNIFTY2161034900CE,"2021-06-10",NSE,FO,buy,25,172,501455700,"2021-06-10 09:39:21.000"
141,BANKNIFTY2161034900CE,"2021-06-10",NSE,FO,buy,25,130,502794291,"2021-06-10 10:26:48.000"
141,BANKNIFTY2161034900CE,"2021-06-10",NSE,FO,sell,25,125,502810311,"2021-06-10 10:27:20.000"
141,BANKNIFTY2161034900CE,"2021-06-09",NSE,FO,sell,25,215,506617293,"2021-06-09 14:07:18.000"
141,BANKNIFTY2161034900CE,"2021-06-10",NSE,FO,sell,25,142,501580257,"2021-06-10 09:43:18.000"
141,BANKNIFTY2161034900CE,"2021-06-09",NSE,FO,buy,25,218,506624942,"2021-06-09 14:07:53.000"
141,BANKNIFTY2161034900CE,"2021-06-09",NSE,FO,sell,25,190,506816774,"2021-06-09 14:22:07.000"
141,BANKNIFTY2161034900CE,"2021-06-09",NSE,FO,buy,25,126,507752621,"2021-06-09 14:50:31.000"
141,BANKNIFTY2161034900CE,"2021-06-10",NSE,FO,sell,25,140,501745897,"2021-06-10 09:48:53.000"
142,BANKNIFTY2161034900PE,"2021-06-09",NSE,FO,buy,25,248,755331411,"2021-06-09 13:25:46.000"
142,BANKNIFTY2161034900PE,"2021-06-09",NSE,FO,sell,25,234,755344231,"2021-06-09 13:26:04.000"
143,BANKNIFTY2161035000CE,"2021-06-09",NSE,FO,sell,25,182,506195303,"2021-06-09 13:46:00.000"
143,BANKNIFTY2161035000CE,"2021-06-09",NSE,FO,buy,25,179,506506335,"2021-06-09 13:59:48.000"
143,BANKNIFTY2161035000CE,"2021-06-09",NSE,FO,sell,25,183,506210577,"2021-06-09 13:46:42.000"
143,BANKNIFTY2161035000CE,"2021-06-10",NSE,FO,sell,25,108,506935365,"2021-06-10 13:27:31.000"
143,BANKNIFTY2161035000CE,"2021-06-10",NSE,FO,sell,25,80,508392073,"2021-06-10 14:06:44.000"
143,BANKNIFTY2161035000CE,"2021-06-10",NSE,FO,buy,25,87,508507160,"2021-06-10 14:10:40.000"
143,BANKNIFTY2161035000CE,"2021-06-10",NSE,FO,buy,25,113,508652336,"2021-06-10 14:14:45.000"
143,BANKNIFTY2161035000CE,"2021-06-10",NSE,FO,sell,25,95,508678255,"2021-06-10 14:15:07.000"
143,BANKNIFTY2161035000CE,"2021-06-09",NSE,FO,buy,25,188,506184592,"2021-06-09 13:45:41.000"
143,BANKNIFTY2161035000CE,"2021-06-09",NSE,FO,buy,25,190,506050132,"2021-06-09 13:43:15.000"
143,BANKNIFTY2161035000CE,"2021-06-09",NSE,FO,sell,25,168,506026606,"2021-06-09 13:42:38.000"
143,BANKNIFTY2161035000CE,"2021-06-10",NSE,FO,buy,25,119,506848822,"2021-06-10 13:25:24.000"
143,BANKNIFTY2161035000CE,"2021-06-09",NSE,FO,buy,25,89,508072218,"2021-06-09 15:05:46.000"
143,BANKNIFTY2161035000CE,"2021-06-09",NSE,FO,sell,25,95,508740401,"2021-06-09 15:29:38.000"
143,BANKNIFTY2161035000CE,"2021-06-09",NSE,FO,buy,25,96,508342809,"2021-06-09 15:14:30.000"
143,BANKNIFTY2161035000CE,"2021-06-09",NSE,FO,sell,25,95,508299553,"2021-06-09 15:13:16.000"
144,BANKNIFTY2161035000PE,"2021-06-08",NSE,FO,sell,25,186,753758664,"2021-06-08 14:05:28.000"
144,BANKNIFTY2161035000PE,"2021-06-10",NSE,FO,sell,25,100,756967762,"2021-06-10 13:44:25.000"
144,BANKNIFTY2161035000PE,"2021-06-09",NSE,FO,buy,25,215,750251988,"2021-06-09 09:20:48.000"
144,BANKNIFTY2161035000PE,"2021-06-08",NSE,FO,buy,25,186,753689587,"2021-06-08 14:02:38.000"
144,BANKNIFTY2161035000PE,"2021-06-10",NSE,FO,sell,25,173,752868262,"2021-06-10 10:52:12.000"
144,BANKNIFTY2161035000PE,"2021-06-08",NSE,FO,sell,25,231,752682123,"2021-06-08 12:11:33.000"
144,BANKNIFTY2161035000PE,"2021-06-10",NSE,FO,buy,25,196,753092219,"2021-06-10 11:04:28.000"
144,BANKNIFTY2161035000PE,"2021-06-08",NSE,FO,buy,25,214,752510003,"2021-06-08 12:01:16.000"
144,BANKNIFTY2161035000PE,"2021-06-09",NSE,FO,sell,25,215,750464288,"2021-06-09 09:24:58.000"
144,BANKNIFTY2161035000PE,"2021-06-10",NSE,FO,sell,25,100,756967761,"2021-06-10 13:44:25.000"
144,BANKNIFTY2161035000PE,"2021-06-10",NSE,FO,buy,50,110,756930381,"2021-06-10 13:43:27.000"
145,BANKNIFTY2161035100CE,"2021-06-09",NSE,FO,buy,25,249,500701511,"2021-06-09 09:30:03.000"
145,BANKNIFTY2161035100CE,"2021-06-09",NSE,FO,sell,25,299,500802011,"2021-06-09 09:30:34.000"
145,BANKNIFTY2161035100CE,"2021-06-08",NSE,FO,sell,25,280,502178140,"2021-06-08 11:24:48.000"
145,BANKNIFTY2161035100CE,"2021-06-08",NSE,FO,buy,25,300,502023979,"2021-06-08 11:02:12.000"
145,BANKNIFTY2161035100CE,"2021-06-10",NSE,FO,buy,25,51,508350803,"2021-06-10 14:05:23.000"
145,BANKNIFTY2161035100CE,"2021-06-10",NSE,FO,sell,25,50,508042151,"2021-06-10 13:56:41.000"
146,BANKNIFTY2161035100PE,"2021-06-08",NSE,FO,buy,25,285,751890461,"2021-06-08 10:39:50.000"
146,BANKNIFTY2161035100PE,"2021-06-09",NSE,FO,buy,25,123,754009746,"2021-06-09 13:09:26.000"
146,BANKNIFTY2161035100PE,"2021-06-09",NSE,FO,sell,25,180,754338300,"2021-06-09 13:13:37.000"
146,BANKNIFTY2161035100PE,"2021-06-08",NSE,FO,sell,25,248,751934509,"2021-06-08 10:42:12.000"
146,BANKNIFTY2161035100PE,"2021-06-08",NSE,FO,sell,25,260,751478112,"2021-06-08 10:03:17.000"
146,BANKNIFTY2161035100PE,"2021-06-08",NSE,FO,buy,25,269,751252421,"2021-06-08 09:55:58.000"
147,BANKNIFTY2161035200CE,"2021-06-10",NSE,FO,buy,25,34,500773619,"2021-06-10 09:26:57.000"
147,BANKNIFTY2161035200CE,"2021-06-09",NSE,FO,buy,25,256,501081694,"2021-06-09 09:34:48.000"
147,BANKNIFTY2161035200CE,"2021-06-09",NSE,FO,sell,25,240,501142442,"2021-06-09 09:35:16.000"
147,BANKNIFTY2161035200CE,"2021-06-10",NSE,FO,sell,25,53,501340929,"2021-06-10 09:36:16.000"
147,BANKNIFTY2161035200CE,"2021-06-10",NSE,FO,buy,25,42,501834572,"2021-06-10 09:52:18.000"
147,BANKNIFTY2161035200CE,"2021-06-09",NSE,FO,buy,25,270,501264618,"2021-06-09 09:37:35.000"
147,BANKNIFTY2161035200CE,"2021-06-10",NSE,FO,sell,25,36,503348527,"2021-06-10 10:56:46.000"
147,BANKNIFTY2161035200CE,"2021-06-09",NSE,FO,sell,25,240,501368068,"2021-06-09 09:40:14.000"
148,BANKNIFTY2161035200PE,"2021-06-08",NSE,FO,sell,25,300,750909886,"2021-06-08 09:42:14.000"
148,BANKNIFTY2161035200PE,"2021-06-08",NSE,FO,buy,25,200,750520720,"2021-06-08 09:35:10.000"
148,BANKNIFTY2161035200PE,"2021-06-04",NSE,FO,sell,25,358,753091450,"2021-06-04 13:55:11.000"
148,BANKNIFTY2161035200PE,"2021-06-04",NSE,FO,buy,25,372,752990427,"2021-06-04 13:48:12.000"
149,BANKNIFTY2161035300CE,"2021-06-10",NSE,FO,buy,25,20,503954040,"2021-06-10 11:26:40.000"
149,BANKNIFTY2161035300CE,"2021-06-09",NSE,FO,sell,25,230,502277417,"2021-06-09 10:10:44.000"
149,BANKNIFTY2161035300CE,"2021-06-10",NSE,FO,sell,25,20,506663433,"2021-06-10 13:22:33.000"
149,BANKNIFTY2161035300CE,"2021-06-09",NSE,FO,buy,25,91,504871136,"2021-06-09 13:16:29.000"
149,BANKNIFTY2161035300CE,"2021-06-10",NSE,FO,buy,25,17,505876846,"2021-06-10 13:02:51.000"
149,BANKNIFTY2161035300CE,"2021-06-09",NSE,FO,sell,25,177,503802820,"2021-06-09 12:52:58.000"
149,BANKNIFTY2161035300CE,"2021-06-09",NSE,FO,buy,25,254,502020932,"2021-06-09 10:00:53.000"
149,BANKNIFTY2161035300CE,"2021-06-09",NSE,FO,sell,25,218,501916059,"2021-06-09 09:58:16.000"
149,BANKNIFTY2161035300CE,"2021-06-09",NSE,FO,buy,25,218,501731942,"2021-06-09 09:53:21.000"
149,BANKNIFTY2161035300CE,"2021-06-10",NSE,FO,sell,25,17,505334656,"2021-06-10 12:42:07.000"
150,BANKNIFTY2161035400CE,"2021-06-09",NSE,FO,buy,25,160,503451230,"2021-06-09 12:18:39.000"
150,BANKNIFTY2161035400CE,"2021-06-09",NSE,FO,sell,25,142,503392630,"2021-06-09 12:11:39.000"
150,BANKNIFTY2161035400CE,"2021-06-09",NSE,FO,buy,25,147,503723748,"2021-06-09 12:42:00.000"
150,BANKNIFTY2161035400CE,"2021-06-09",NSE,FO,buy,25,152,503725043,"2021-06-09 12:42:02.000"
150,BANKNIFTY2161035400CE,"2021-06-09",NSE,FO,sell,25,152,503732853,"2021-06-09 12:42:15.000"
150,BANKNIFTY2161035400CE,"2021-06-09",NSE,FO,sell,25,164,503562566,"2021-06-09 12:24:12.000"
151,BANKNIFTY2161035400PE,"2021-06-07",NSE,FO,buy,25,249,751710467,"2021-06-07 12:42:11.000"
151,BANKNIFTY2161035400PE,"2021-06-07",NSE,FO,buy,25,268,751803003,"2021-06-07 12:47:45.000"
151,BANKNIFTY2161035400PE,"2021-06-04",NSE,FO,sell,25,407,751770627,"2021-06-04 11:18:13.000"
151,BANKNIFTY2161035400PE,"2021-06-04",NSE,FO,buy,25,416,751761735,"2021-06-04 11:17:46.000"
151,BANKNIFTY2161035400PE,"2021-06-04",NSE,FO,sell,25,373,751676681,"2021-06-04 11:14:17.000"
151,BANKNIFTY2161035400PE,"2021-06-04",NSE,FO,buy,25,396,751639732,"2021-06-04 11:12:18.000"
151,BANKNIFTY2161035400PE,"2021-06-04",NSE,FO,sell,25,340,751557314,"2021-06-04 11:03:55.000"
151,BANKNIFTY2161035400PE,"2021-06-04",NSE,FO,buy,25,350,751545508,"2021-06-04 11:01:37.000"
151,BANKNIFTY2161035400PE,"2021-06-04",NSE,FO,sell,25,367,751494127,"2021-06-04 10:58:18.000"
151,BANKNIFTY2161035400PE,"2021-06-04",NSE,FO,buy,25,372,751468501,"2021-06-04 10:57:25.000"
151,BANKNIFTY2161035400PE,"2021-06-07",NSE,FO,sell,50,250,751886800,"2021-06-07 12:57:13.000"
151,BANKNIFTY2161035400PE,"2021-06-07",NSE,FO,buy,25,252,751921870,"2021-06-07 13:04:41.000"
151,BANKNIFTY2161035400PE,"2021-06-07",NSE,FO,sell,25,240,751931169,"2021-06-07 13:05:03.000"
152,BANKNIFTY2161035500CE,"2021-06-07",NSE,FO,sell,25,327,501201941,"2021-06-07 10:45:43.000"
152,BANKNIFTY2161035500CE,"2021-06-07",NSE,FO,buy,25,338,501145134,"2021-06-07 10:32:00.000"
152,BANKNIFTY2161035500CE,"2021-06-07",NSE,FO,sell,25,345,501005952,"2021-06-07 10:11:31.000"
152,BANKNIFTY2161035500CE,"2021-06-07",NSE,FO,buy,25,360,500973271,"2021-06-07 10:09:56.000"
152,BANKNIFTY2161035500CE,"2021-06-07",NSE,FO,buy,25,338,500810306,"2021-06-07 09:59:38.000"
152,BANKNIFTY2161035500CE,"2021-06-07",NSE,FO,sell,25,344,500908771,"2021-06-07 10:04:07.000"
152,BANKNIFTY2161035500CE,"2021-06-10",NSE,FO,buy,25,6,508042017,"2021-06-10 13:56:41.000"
152,BANKNIFTY2161035500CE,"2021-06-10",NSE,FO,sell,25,5,508528138,"2021-06-10 14:11:24.000"
153,BANKNIFTY2161035600CE,"2021-06-07",NSE,FO,buy,25,317,502610862,"2021-06-07 13:44:13.000"
153,BANKNIFTY2161035600CE,"2021-06-07",NSE,FO,sell,25,297,502676730,"2021-06-07 13:48:56.000"
154,BANKNIFTY2161035800CE,"2021-06-03",NSE,FO,buy,25,460,875865147,"2021-06-03 14:20:42.000"
154,BANKNIFTY2161035800CE,"2021-06-03",NSE,FO,buy,25,390,875711685,"2021-06-03 13:58:57.000"
154,BANKNIFTY2161035800CE,"2021-06-03",NSE,FO,sell,25,393,875712880,"2021-06-03 13:59:17.000"
154,BANKNIFTY2161035800CE,"2021-06-03",NSE,FO,buy,25,405,875718438,"2021-06-03 14:00:13.000"
154,BANKNIFTY2161035800CE,"2021-06-03",NSE,FO,sell,25,450,875840182,"2021-06-03 14:18:10.000"
154,BANKNIFTY2161035800CE,"2021-06-03",NSE,FO,sell,25,448,875867662,"2021-06-03 14:21:13.000"
155,BANKNIFTY2161035900CE,"2021-06-03",NSE,FO,sell,25,396,875943634,"2021-06-03 14:38:51.000"
155,BANKNIFTY2161035900CE,"2021-06-03",NSE,FO,buy,25,400,875907573,"2021-06-03 14:30:26.000"
156,BANKNIFTY2161036000CE,"2021-06-10",NSE,FO,buy,25,3,507992181,"2021-06-10 13:54:31.000"
156,BANKNIFTY2161036000CE,"2021-06-10",NSE,FO,sell,25,3,508007100,"2021-06-10 13:55:05.000"
157,BANKNIFTY2161036300CE,"2021-06-09",NSE,FO,sell,25,10,508062737,"2021-06-09 15:05:26.000"
157,BANKNIFTY2161036300CE,"2021-06-09",NSE,FO,sell,25,11,504880715,"2021-06-09 13:16:35.000"
157,BANKNIFTY2161036300CE,"2021-06-09",NSE,FO,buy,25,13,503386477,"2021-06-09 12:10:22.000"
157,BANKNIFTY2161036300CE,"2021-06-09",NSE,FO,sell,25,13,503390889,"2021-06-09 12:11:11.000"
157,BANKNIFTY2161036300CE,"2021-06-09",NSE,FO,buy,25,12,506006363,"2021-06-09 13:41:34.000"
157,BANKNIFTY2161036300CE,"2021-06-09",NSE,FO,buy,25,13,503392570,"2021-06-09 12:11:39.000"
158,BANKNIFTY2161036400CE,"2021-06-09",NSE,FO,buy,25,11,503392596,"2021-06-09 12:11:39.000"
158,BANKNIFTY2161036400CE,"2021-06-09",NSE,FO,sell,25,10,508062736,"2021-06-09 15:05:26.000"
158,BANKNIFTY2161036400CE,"2021-06-09",NSE,FO,sell,25,11,504548132,"2021-06-09 13:14:29.000"
158,BANKNIFTY2161036400CE,"2021-06-09",NSE,FO,buy,25,11,506006387,"2021-06-09 13:41:34.000"
158,BANKNIFTY2161036400CE,"2021-06-09",NSE,FO,buy,25,11,503386503,"2021-06-09 12:10:22.000"
158,BANKNIFTY2161036400CE,"2021-06-09",NSE,FO,sell,25,11,503390890,"2021-06-09 12:11:11.000"
159,BANKNIFTY2161734900PE,"2021-06-11",NSE,FO,buy,25,305,752388081,"2021-06-11 13:56:48.000"
159,BANKNIFTY2161734900PE,"2021-06-11",NSE,FO,sell,25,292,752411357,"2021-06-11 14:01:55.000"
160,BANKNIFTY2161735000CE,"2021-06-10",NSE,FO,sell,25,534,876126026,"2021-06-10 14:40:30.000"
160,BANKNIFTY2161735000CE,"2021-06-10",NSE,FO,buy,25,511,876000408,"2021-06-10 14:22:59.000"
160,BANKNIFTY2161735000CE,"2021-06-10",NSE,FO,sell,25,438,875830254,"2021-06-10 13:42:29.000"
160,BANKNIFTY2161735000CE,"2021-06-10",NSE,FO,buy,25,460,875791499,"2021-06-10 13:30:46.000"
161,BANKNIFTY2161735000PE,"2021-06-11",NSE,FO,buy,25,323,752573708,"2021-06-11 14:20:05.000"
161,BANKNIFTY2161735000PE,"2021-06-11",NSE,FO,sell,25,306,752600971,"2021-06-11 14:23:50.000"
161,BANKNIFTY2161735000PE,"2021-06-11",NSE,FO,sell,25,331,751553827,"2021-06-11 11:55:51.000"
161,BANKNIFTY2161735000PE,"2021-06-11",NSE,FO,buy,25,350,751525809,"2021-06-11 11:50:23.000"
162,BANKNIFTY2161735100CE,"2021-06-11",NSE,FO,sell,25,380,502425409,"2021-06-11 14:13:07.000"
162,BANKNIFTY2161735100CE,"2021-06-10",NSE,FO,buy,25,455,876263598,"2021-06-10 15:02:44.000"
162,BANKNIFTY2161735100CE,"2021-06-11",NSE,FO,sell,25,364,501940144,"2021-06-11 12:50:17.000"
162,BANKNIFTY2161735100CE,"2021-06-10",NSE,FO,sell,25,479,876332506,"2021-06-10 15:11:34.000"
162,BANKNIFTY2161735100CE,"2021-06-11",NSE,FO,buy,25,384,502352920,"2021-06-11 14:09:13.000"
162,BANKNIFTY2161735100CE,"2021-06-11",NSE,FO,buy,25,407,502558953,"2021-06-11 14:28:32.000"
162,BANKNIFTY2161735100CE,"2021-06-11",NSE,FO,sell,25,399,502574968,"2021-06-11 14:29:30.000"
162,BANKNIFTY2161735100CE,"2021-06-11",NSE,FO,buy,25,354,501921903,"2021-06-11 12:46:35.000"
163,BANKNIFTY2161735200CE,"2021-06-10",NSE,FO,sell,25,405,876183523,"2021-06-10 14:49:19.000"
163,BANKNIFTY2161735200CE,"2021-06-10",NSE,FO,buy,25,428,876172204,"2021-06-10 14:47:17.000"
163,BANKNIFTY2161735200CE,"2021-06-11",NSE,FO,sell,25,402,501044189,"2021-06-11 11:04:48.000"
163,BANKNIFTY2161735200CE,"2021-06-11",NSE,FO,buy,25,404,500978599,"2021-06-11 10:48:34.000"
164,BANKNIFTY2161735300CE,"2021-06-15",NSE,FO,buy,25,180,501875751,"2021-06-15 10:55:20.000"
164,BANKNIFTY2161735300CE,"2021-06-15",NSE,FO,sell,25,183,501893750,"2021-06-15 10:57:54.000"
165,BANKNIFTY2161735400CE,"2021-06-15",NSE,FO,buy,25,176,503065521,"2021-06-15 13:01:15.000"
165,BANKNIFTY2161735400CE,"2021-06-15",NSE,FO,sell,25,159,503128669,"2021-06-15 13:09:29.000"
165,BANKNIFTY2161735400CE,"2021-06-15",NSE,FO,buy,25,170,503286366,"2021-06-15 13:24:11.000"
165,BANKNIFTY2161735400CE,"2021-06-15",NSE,FO,sell,25,146,503382613,"2021-06-15 13:35:26.000"
165,BANKNIFTY2161735400CE,"2021-06-15",NSE,FO,buy,25,174,502510948,"2021-06-15 12:22:57.000"
165,BANKNIFTY2161735400CE,"2021-06-15",NSE,FO,sell,25,200,502565591,"2021-06-15 12:24:22.000"
165,BANKNIFTY2161735400CE,"2021-06-15",NSE,FO,buy,25,180,502967290,"2021-06-15 12:48:51.000"
165,BANKNIFTY2161735400CE,"2021-06-15",NSE,FO,sell,25,172,503046021,"2021-06-15 12:58:30.000"
166,BANKNIFTY2161735500CE,"2021-06-11",NSE,FO,sell,25,310,500200531,"2021-06-11 09:24:35.000"
166,BANKNIFTY2161735500CE,"2021-06-11",NSE,FO,sell,25,290,500541731,"2021-06-11 09:48:30.000"
166,BANKNIFTY2161735500CE,"2021-06-10",NSE,FO,buy,25,294,876348268,"2021-06-10 15:13:13.000"
166,BANKNIFTY2161735500CE,"2021-06-11",NSE,FO,sell,25,321,500011229,"2021-06-11 09:15:20.000"
166,BANKNIFTY2161735500CE,"2021-06-11",NSE,FO,buy,25,320,500048627,"2021-06-11 09:16:11.000"
166,BANKNIFTY2161735500CE,"2021-06-11",NSE,FO,buy,25,321,500347450,"2021-06-11 09:32:58.000"
167,BANKNIFTY2181835600PE,"2021-08-17",NSE,FO,sell,25,102,753973304,"2021-08-17 12:30:26.000"
167,BANKNIFTY2181835600PE,"2021-08-17",NSE,FO,buy,25,111,753926712,"2021-08-17 12:26:21.000"
167,BANKNIFTY2181835600PE,"2021-08-17",NSE,FO,buy,25,117,754071185,"2021-08-17 12:37:46.000"
167,BANKNIFTY2181835600PE,"2021-08-17",NSE,FO,sell,25,118,754158092,"2021-08-17 12:42:28.000"
168,BANKNIFTY2190236400PE,"2021-09-01",NSE,FO,buy,25,81,758169070,"2021-09-01 15:14:56.000"
168,BANKNIFTY2190236400PE,"2021-09-01",NSE,FO,sell,25,66,758027641,"2021-09-01 15:10:32.000"
168,BANKNIFTY2190236400PE,"2021-09-01",NSE,FO,buy,25,56,757887271,"2021-09-01 15:05:30.000"
168,BANKNIFTY2190236400PE,"2021-09-01",NSE,FO,sell,25,64,758320846,"2021-09-01 15:20:22.000"
168,BANKNIFTY2190236400PE,"2021-09-01",NSE,FO,buy,25,60,757542580,"2021-09-01 14:51:23.000"
168,BANKNIFTY2190236400PE,"2021-09-01",NSE,FO,sell,25,50,757810224,"2021-09-01 15:01:28.000"
169,BANKNIFTY2190236500CE,"2021-08-26",NSE,FO,sell,25,93,875632396,"2021-08-26 12:03:45.000"
169,BANKNIFTY2190236500CE,"2021-08-26",NSE,FO,buy,25,70,875133843,"2021-08-26 09:31:59.000"
169,BANKNIFTY2190236500CE,"2021-08-26",NSE,FO,buy,25,84,875997623,"2021-08-26 14:01:15.000"
169,BANKNIFTY2190236500CE,"2021-08-26",NSE,FO,sell,25,89,876035580,"2021-08-26 14:07:17.000"
170,BANKNIFTY2190236500PE,"2021-09-02",NSE,FO,buy,25,46,753620037,"2021-09-02 10:50:36.000"
170,BANKNIFTY2190236500PE,"2021-09-02",NSE,FO,sell,25,38,753993388,"2021-09-02 11:09:27.000"
171,BANKNIFTY2190236800CE,"2021-09-02",NSE,FO,sell,25,62,504749561,"2021-09-02 11:18:39.000"
171,BANKNIFTY2190236800CE,"2021-08-30",NSE,FO,buy,25,33,501469213,"2021-08-30 10:02:07.000"
171,BANKNIFTY2190236800CE,"2021-09-02",NSE,FO,buy,25,46,503298605,"2021-09-02 10:42:10.000"
171,BANKNIFTY2190236800CE,"2021-09-02",NSE,FO,sell,25,50,503467195,"2021-09-02 10:44:01.000"
171,BANKNIFTY2190236800CE,"2021-09-02",NSE,FO,buy,25,58,504483550,"2021-09-02 11:14:58.000"
171,BANKNIFTY2190236800CE,"2021-08-30",NSE,FO,sell,25,56,502760657,"2021-08-30 10:47:45.000"
172,BANKNIFTY2190237000CE,"2021-08-30",NSE,FO,sell,25,31,505051078,"2021-08-30 14:01:48.000"
172,BANKNIFTY2190237000CE,"2021-09-01",NSE,FO,buy,25,74,505439739,"2021-09-01 11:46:49.000"
172,BANKNIFTY2190237000CE,"2021-08-30",NSE,FO,buy,25,32,503977347,"2021-08-30 12:45:08.000"
172,BANKNIFTY2190237000CE,"2021-08-30",NSE,FO,sell,25,29,503813368,"2021-08-30 12:23:15.000"
172,BANKNIFTY2190237000CE,"2021-08-30",NSE,FO,buy,25,29,503402650,"2021-08-30 11:33:27.000"
172,BANKNIFTY2190237000CE,"2021-08-30",NSE,FO,sell,25,27,503337990,"2021-08-30 11:26:41.000"
